date,sn,contract_no,stock_symbol,buyer,seller,quantity,rate,amount
2026-03-09,1,2026030905001170,AHL,95,33,10,525.10,"5,251.00"
2026-03-09,2,2026030905000786,AHL,38,48,10,514.90,"5,149.00"
2026-03-09,3,2026030905001147,BBC,58,62,10,"5,000.00","50,000.00"
2026-03-09,4,2026030905001146,BBC,58,58,10,"4,903.30","49,033.00"
2026-03-09,5,2026030905000996,BBC,58,83,10,"4,903.00","49,030.00"
2026-03-09,6,2026030905000851,BBC,62,57,10,"4,902.00","49,020.00"
2026-03-09,7,2026030905000875,BEDC,6,55,10,543.90,"5,439.00"
2026-03-09,8,2026030905001014,BHDC,50,95,270,513.40,"138,618.00"
2026-03-09,9,2026030905001013,BHDC,58,95,140,515.00,"72,100.00"
2026-03-09,10,2026030905001012,BHDC,58,95,90,520.00,"46,800.00"
2026-03-09,11,2026030905001190,BHL,6,91,200,225.30,"45,060.00"
2026-03-09,12,2026030905001151,BHL,6,43,100,225.30,"22,530.00"
2026-03-09,13,2026030905001125,BHL,6,34,25,225.30,"5,632.50"
2026-03-09,14,2026030905001121,BHL,6,56,250,225.30,"56,325.00"
2026-03-09,15,2026030905001120,BHL,33,56,250,225.30,"56,325.00"
2026-03-09,16,2026030905001063,BHL,33,58,200,225.30,"45,060.00"
2026-03-09,17,2026030905000863,BHL,51,58,44,225.30,"9,913.20"
2026-03-09,18,2026030905000953,BHL,33,47,150,225.30,"33,795.00"
2026-03-09,19,2026030905000952,BHL,58,47,150,225.30,"33,795.00"
2026-03-09,20,2026030905000906,BHL,58,58,50,225.30,"11,265.00"
2026-03-09,21,2026030905000880,BHL,58,35,200,225.30,"45,060.00"
2026-03-09,22,2026030905000865,BHL,58,58,556,225.00,"125,100.00"
2026-03-09,23,2026030905000864,BHL,57,58,500,225.30,"112,650.00"
2026-03-09,24,2026030905001201,BHPL,49,48,10,614.00,"6,140.00"
2026-03-09,25,2026030905001182,BHPL,58,48,50,614.00,"30,700.00"
2026-03-09,26,2026030905001124,BHPL,57,42,30,615.00,"18,450.00"
2026-03-09,27,2026030905001111,BHPL,58,42,100,615.00,"61,500.00"
2026-03-09,28,2026030905000985,BHPL,34,42,800,615.00,"492,000.00"
2026-03-09,29,2026030905000957,BHPL,58,42,49,615.00,"30,135.00"
2026-03-09,30,2026030905000923,BHPL,63,34,20,615.00,"12,300.00"
2026-03-09,31,2026030905000862,BHPL,58,34,201,615.00,"123,615.00"
2026-03-09,32,2026030905000788,BHPL,69,34,560,615.00,"344,400.00"
2026-03-09,33,2026030905000787,BHPL,69,39,140,614.00,"85,960.00"
2026-03-09,34,2026030905000723,BHPL,34,34,60,615.00,"36,900.00"
2026-03-09,35,2026030905000716,BHPL,36,34,300,615.00,"184,500.00"
2026-03-09,36,2026030905000944,BHPL,6,42,"2,548",615.00,"1,567,020.00"
2026-03-09,37,2026030905000943,BHPL,6,41,100,615.00,"61,500.00"
2026-03-09,38,2026030905000942,BHPL,6,50,120,615.00,"73,800.00"
2026-03-09,39,2026030905000941,BHPL,6,34,"1,732",615.00,"1,065,180.00"
2026-03-09,40,2026030905000933,BHPL,14,34,580,615.00,"356,700.00"
2026-03-09,41,2026030905000927,BHPL,36,34,"1,000",615.00,"615,000.00"
2026-03-09,42,2026030905000992,BNHC,47,84,10,364.10,"3,641.00"
2026-03-09,43,2026030905000833,BNHC,47,80,10,364.00,"3,640.00"
2026-03-09,44,2026030905000746,BNHC,94,80,40,364.00,"14,560.00"
2026-03-09,45,2026030905000725,BNHC,94,84,10,364.00,"3,640.00"
2026-03-09,46,2026030905001023,CHDC,37,70,10,"2,708.00","27,080.00"
2026-03-09,47,2026030905000912,CHDC,77,70,110,"2,708.00","297,880.00"
2026-03-09,48,2026030905000844,CHDC,3,70,18,"2,708.00","48,744.00"
2026-03-09,49,2026030905000830,CHDC,32,70,75,"2,708.00","203,100.00"
2026-03-09,50,2026030905000745,CHDC,50,70,90,"2,708.00","243,720.00"
2026-03-09,51,2026030905000722,CHDC,39,70,10,"2,708.00","27,080.00"
2026-03-09,52,2026030905000767,CIT,44,63,10,"1,875.70","18,757.00"
2026-03-09,53,2026030905001206,CKHL,58,33,10,766.00,"7,660.00"
2026-03-09,54,2026030905001205,CKHL,58,96,20,766.00,"15,320.00"
2026-03-09,55,2026030905000940,CKHL,55,41,190,751.00,"142,690.00"
2026-03-09,56,2026030905000921,CLI,38,58,10,492.80,"4,928.00"
2026-03-09,57,2026030905001175,DOLTI,49,55,60,530.00,"31,800.00"
2026-03-09,58,2026030905001173,DOLTI,44,55,24,530.60,"12,734.40"
2026-03-09,59,2026030905001172,DOLTI,35,55,10,530.60,"5,306.00"
2026-03-09,60,2026030905001171,DOLTI,58,55,30,530.60,"15,918.00"
2026-03-09,61,2026030905001154,DORDI,64,3,10,305.00,"3,050.00"
2026-03-09,62,2026030905001082,DORDI,34,3,200,305.00,"61,000.00"
2026-03-09,63,2026030905000983,DORDI,34,40,30,305.50,"9,165.00"
2026-03-09,64,2026030905000951,DORDI,14,18,700,300.10,"210,070.00"
2026-03-09,65,2026030905000950,DORDI,14,18,300,304.10,"91,230.00"
2026-03-09,66,2026030905000761,DORDI,50,46,190,306.10,"58,159.00"
2026-03-09,67,2026030905000727,DORDI,50,58,10,306.10,"3,061.00"
2026-03-09,68,2026030905001178,EHPL,50,58,10,436.00,"4,360.00"
2026-03-09,69,2026030905001128,EHPL,50,18,10,436.00,"4,360.00"
2026-03-09,70,2026030905001127,EHPL,50,64,10,436.00,"4,360.00"
2026-03-09,71,2026030905000878,EHPL,44,56,10,435.80,"4,358.00"
2026-03-09,72,2026030905000850,EHPL,44,41,10,435.80,"4,358.00"
2026-03-09,73,2026030905000766,EHPL,36,39,10,427.30,"4,273.00"
2026-03-09,74,2026030905001153,ENL,6,55,10,955.10,"9,551.00"
2026-03-09,75,2026030905000750,ENL,74,55,10,972.70,"9,727.00"
2026-03-09,76,2026030905000988,GCIL,53,58,50,460.40,"23,020.00"
2026-03-09,77,2026030905000987,GCIL,53,72,100,460.40,"46,040.00"
2026-03-09,78,2026030905000810,GCIL,64,71,10,460.40,"4,604.00"
2026-03-09,79,2026030905001152,GVL,59,58,10,535.00,"5,350.00"
2026-03-09,80,2026030905000920,GVL,47,58,20,524.80,"10,496.00"
2026-03-09,81,2026030905000811,GVL,47,37,50,524.80,"26,240.00"
2026-03-09,82,2026030905001038,GVL,47,58,10,524.80,"5,248.00"
2026-03-09,83,2026030905000986,GVL,39,58,10,535.00,"5,350.00"
2026-03-09,84,2026030905001024,HATHY,42,95,100,994.50,"99,450.00"
2026-03-09,85,2026030905001197,HDL,6,75,20,"1,270.00","25,400.00"
2026-03-09,86,2026030905001130,HDL,58,22,29,"1,254.00","36,366.00"
2026-03-09,87,2026030905000726,HDL,53,1,20,"1,274.00","25,480.00"
2026-03-09,88,2026030905000872,HDL,7,58,30,"1,270.00","38,100.00"
2026-03-09,89,2026030905000821,HDL,1,58,55,"1,270.00","69,850.00"
2026-03-09,90,2026030905000916,HDL,89,50,10,"1,270.00","12,700.00"
2026-03-09,91,2026030905000907,HDL,16,50,200,"1,270.00","254,000.00"
2026-03-09,92,2026030905000904,HDL,47,50,18,"1,270.00","22,860.00"
2026-03-09,93,2026030905000873,HDL,7,50,270,"1,270.00","342,900.00"
2026-03-09,94,2026030905000834,HHL,13,57,10,356.60,"3,566.00"
2026-03-09,95,2026030905000713,HHL,13,66,10,356.60,"3,566.00"
2026-03-09,96,2026030905001062,HIDCL,58,48,69,292.00,"20,148.00"
2026-03-09,97,2026030905000975,HIDCL,22,58,"1,870",288.20,"538,934.00"
2026-03-09,98,2026030905000956,HIDCL,34,58,20,288.20,"5,764.00"
2026-03-09,99,2026030905000928,HIDCL,94,58,10,288.20,"2,882.00"
2026-03-09,100,2026030905000731,HIDCL,14,58,100,288.20,"28,820.00"
2026-03-09,101,2026030905001211,HRL,58,33,86,944.70,"81,244.20"
2026-03-09,102,2026030905001210,HRL,58,43,400,944.00,"377,600.00"
2026-03-09,103,2026030905001209,HRL,58,21,14,943.50,"13,209.00"
2026-03-09,104,2026030905001109,HRL,16,60,92,901.00,"82,892.00"
2026-03-09,105,2026030905001108,HRL,49,60,90,901.00,"81,090.00"
2026-03-09,106,2026030905000737,HRL,62,26,211,943.00,"198,973.00"
2026-03-09,107,2026030905000736,HRL,62,38,72,942.80,"67,881.60"
2026-03-09,108,2026030905000735,HRL,62,38,62,942.10,"58,410.20"
2026-03-09,109,2026030905000730,HRL,46,58,20,941.00,"18,820.00"
2026-03-09,110,2026030905000804,HRL,59,36,120,940.00,"112,800.00"
2026-03-09,111,2026030905000790,HRL,48,36,500,940.00,"470,000.00"
2026-03-09,112,2026030905000784,HRL,62,36,10,940.00,"9,400.00"
2026-03-09,113,2026030905000783,HRL,49,36,290,940.00,"272,600.00"
2026-03-09,114,2026030905000782,HRL,46,36,80,941.00,"75,280.00"
2026-03-09,115,2026030905000738,HRL,62,52,155,943.00,"146,165.00"
2026-03-09,116,2026030905000827,HRL,46,17,10,943.50,"9,435.00"
2026-03-09,117,2026030905000826,HRL,46,52,45,943.00,"42,435.00"
2026-03-09,118,2026030905000825,HRL,46,70,300,940.00,"282,000.00"
2026-03-09,119,2026030905000824,HRL,46,28,66,940.00,"62,040.00"
2026-03-09,120,2026030905000805,HRL,59,28,80,940.00,"75,200.00"
2026-03-09,121,2026030905000843,HRL,3,37,110,941.00,"103,510.00"
2026-03-09,122,2026030905000842,HRL,3,62,80,940.00,"75,200.00"
2026-03-09,123,2026030905000841,HRL,3,44,10,940.00,"9,400.00"
2026-03-09,124,2026030905000829,HRL,49,13,80,938.00,"75,040.00"
2026-03-09,125,2026030905000828,HRL,46,13,134,944.00,"126,496.00"
2026-03-09,126,2026030905000919,HRL,32,65,100,940.00,"94,000.00"
2026-03-09,127,2026030905000893,HRL,48,37,500,941.00,"470,500.00"
2026-03-09,128,2026030905000883,HRL,41,37,34,941.00,"31,994.00"
2026-03-09,129,2026030905001021,HRL,41,37,20,941.00,"18,820.00"
2026-03-09,130,2026030905000999,HRL,58,37,100,941.00,"94,100.00"
2026-03-09,131,2026030905000998,HRL,58,37,12,941.00,"11,292.00"
2026-03-09,132,2026030905000990,HRL,16,37,190,941.00,"178,790.00"
2026-03-09,133,2026030905000929,HRL,32,65,100,940.00,"94,000.00"
2026-03-09,134,2026030905001089,HRL,55,60,12,940.00,"11,280.00"
2026-03-09,135,2026030905001087,HRL,88,21,66,943.50,"62,271.00"
2026-03-09,136,2026030905001086,HRL,88,34,50,943.00,"47,150.00"
2026-03-09,137,2026030905001085,HRL,88,32,100,942.00,"94,200.00"
2026-03-09,138,2026030905001084,HRL,88,37,34,941.00,"31,994.00"
2026-03-09,139,2026030905001083,HRL,55,57,10,940.00,"9,400.00"
2026-03-09,140,2026030905001095,HRL,91,60,28,926.00,"25,928.00"
2026-03-09,141,2026030905001094,HRL,19,60,200,928.00,"185,600.00"
2026-03-09,142,2026030905001093,HRL,38,60,40,932.00,"37,280.00"
2026-03-09,143,2026030905001092,HRL,4,60,160,937.00,"149,920.00"
2026-03-09,144,2026030905001091,HRL,65,60,160,937.00,"149,920.00"
2026-03-09,145,2026030905001090,HRL,16,60,50,937.00,"46,850.00"
2026-03-09,146,2026030905001101,HRL,34,60,50,919.00,"45,950.00"
2026-03-09,147,2026030905001100,HRL,58,60,90,919.00,"82,710.00"
2026-03-09,148,2026030905001099,HRL,4,60,500,920.00,"460,000.00"
2026-03-09,149,2026030905001098,HRL,34,60,500,925.00,"462,500.00"
2026-03-09,150,2026030905001097,HRL,45,60,50,925.00,"46,250.00"
2026-03-09,151,2026030905001096,HRL,5,60,30,926.00,"27,780.00"
2026-03-09,152,2026030905001107,HRL,54,60,71,902.00,"64,042.00"
2026-03-09,153,2026030905001106,HRL,45,60,100,905.00,"90,500.00"
2026-03-09,154,2026030905001105,HRL,64,60,49,910.00,"44,590.00"
2026-03-09,155,2026030905001104,HRL,36,60,15,911.00,"13,665.00"
2026-03-09,156,2026030905001103,HRL,57,60,60,919.00,"55,140.00"
2026-03-09,157,2026030905001102,HRL,48,60,100,919.00,"91,900.00"
2026-03-09,158,2026030905001110,IHL,58,80,10,547.20,"5,472.00"
2026-03-09,159,2026030905000854,ILI,49,60,850,465.00,"395,250.00"
2026-03-09,160,2026030905000853,ILI,57,60,500,466.00,"233,000.00"
2026-03-09,161,2026030905000852,ILI,58,60,100,474.30,"47,430.00"
2026-03-09,162,2026030905000909,MAKAR,26,14,10,575.00,"5,750.00"
2026-03-09,163,2026030905000908,MANDU,54,58,10,848.60,"8,486.00"
2026-03-09,164,2026030905001142,MBJC,8,94,500,321.90,"160,950.00"
2026-03-09,165,2026030905001133,MBJC,34,94,60,321.90,"19,314.00"
2026-03-09,166,2026030905001132,MBJC,34,29,140,321.80,"45,052.00"
2026-03-09,167,2026030905000925,MBJC,57,29,60,321.80,"19,308.00"
2026-03-09,168,2026030905000752,MBJC,51,43,15,322.00,"4,830.00"
2026-03-09,169,2026030905001192,MCHL,7,74,10,447.10,"4,471.00"
2026-03-09,170,2026030905000808,MEHL,1,57,600,481.00,"288,600.00"
2026-03-09,171,2026030905000807,MEHL,1,43,10,472.00,"4,720.00"
2026-03-09,172,2026030905000806,MEHL,1,57,240,472.00,"113,280.00"
2026-03-09,173,2026030905000715,MEHL,49,57,70,472.00,"33,040.00"
2026-03-09,174,2026030905000714,MEHL,49,65,10,471.00,"4,710.00"
2026-03-09,175,2026030905001204,MEL,58,40,10,314.00,"3,140.00"
2026-03-09,176,2026030905000822,MEL,53,34,200,311.00,"62,200.00"
2026-03-09,177,2026030905000858,MEL,48,34,90,311.00,"27,990.00"
2026-03-09,178,2026030905000914,MEL,38,48,460,311.00,"143,060.00"
2026-03-09,179,2026030905000913,MEL,38,53,40,311.00,"12,440.00"
2026-03-09,180,2026030905000859,MEL,48,53,60,311.00,"18,660.00"
2026-03-09,181,2026030905001057,MEL,48,48,240,311.00,"74,640.00"
2026-03-09,182,2026030905001126,MHCL,22,59,20,382.00,"7,640.00"
2026-03-09,183,2026030905001116,MHCL,5,89,15,382.80,"5,742.00"
2026-03-09,184,2026030905001115,MHCL,5,57,45,382.00,"17,190.00"
2026-03-09,185,2026030905001114,MHCL,5,77,200,380.00,"76,000.00"
2026-03-09,186,2026030905001113,MHCL,5,53,200,380.00,"76,000.00"
2026-03-09,187,2026030905001112,MHCL,5,77,40,380.00,"15,200.00"
2026-03-09,188,2026030905000781,MHCL,89,89,100,382.80,"38,280.00"
2026-03-09,189,2026030905000780,MHCL,42,89,"2,990",382.80,"1,144,572.00"
2026-03-09,190,2026030905000779,MHCL,54,89,"1,000",382.90,"382,900.00"
2026-03-09,191,2026030905001065,MHCL,66,77,10,380.00,"3,800.00"
2026-03-09,192,2026030905001037,MHCL,42,77,150,380.00,"57,000.00"
2026-03-09,193,2026030905000995,MHCL,58,57,10,382.00,"3,820.00"
2026-03-09,194,2026030905000974,MHCL,55,57,145,382.00,"55,390.00"
2026-03-09,195,2026030905000918,MHCL,3,89,26,382.80,"9,952.80"
2026-03-09,196,2026030905000898,MHCL,7,89,115,382.80,"44,022.00"
2026-03-09,197,2026030905000979,MHL,55,19,90,556.00,"50,040.00"
2026-03-09,198,2026030905000978,MHL,86,19,10,567.10,"5,671.00"
2026-03-09,199,2026030905000839,MKHC,4,13,10,346.30,"3,463.00"
2026-03-09,200,2026030905000724,MKHL,92,50,20,832.30,"16,646.00"
2026-03-09,201,2026030905001079,MKJC,48,70,717,580.30,"416,075.10"
2026-03-09,202,2026030905001078,MKJC,48,52,10,580.00,"5,800.00"
2026-03-09,203,2026030905001077,MKJC,48,48,10,580.00,"5,800.00"
2026-03-09,204,2026030905001076,MKJC,48,62,"3,800",570.00,"2,166,000.00"
2026-03-09,205,2026030905001075,MKJC,48,72,100,570.00,"57,000.00"
2026-03-09,206,2026030905000768,MKJC,10,98,70,555.00,"38,850.00"
2026-03-09,207,2026030905000753,MKJC,4,98,12,555.00,"6,660.00"
2026-03-09,208,2026030905001068,MKJC,48,94,70,559.00,"39,130.00"
2026-03-09,209,2026030905001067,MKJC,48,98,618,555.00,"342,990.00"
2026-03-09,210,2026030905001066,MKJC,14,98,500,555.00,"277,500.00"
2026-03-09,211,2026030905000954,MKJC,52,98,800,555.00,"444,000.00"
2026-03-09,212,2026030905001074,MKJC,48,48,10,570.00,"5,700.00"
2026-03-09,213,2026030905001073,MKJC,48,34,100,569.00,"56,900.00"
2026-03-09,214,2026030905001072,MKJC,48,37,500,569.00,"284,500.00"
2026-03-09,215,2026030905001071,MKJC,48,38,240,569.00,"136,560.00"
2026-03-09,216,2026030905001070,MKJC,48,60,"3,500",560.00,"1,960,000.00"
2026-03-09,217,2026030905001069,MKJC,48,46,60,559.00,"33,540.00"
2026-03-09,218,2026030905001134,MMKJL,46,43,10,613.00,"6,130.00"
2026-03-09,219,2026030905001208,NIFRA,60,58,50,294.50,"14,725.00"
2026-03-09,220,2026030905001148,NIFRA,60,58,120,294.50,"35,340.00"
2026-03-09,221,2026030905001064,NIFRA,60,58,100,294.50,"29,450.00"
2026-03-09,222,2026030905001061,NIFRA,60,51,220,294.50,"64,790.00"
2026-03-09,223,2026030905001060,NIFRA,58,51,280,294.50,"82,460.00"
2026-03-09,224,2026030905000977,NIFRA,58,81,395,294.50,"116,327.50"
2026-03-09,225,2026030905000721,NIFRA,70,51,"1,500",289.00,"433,500.00"
2026-03-09,226,2026030905000877,NIFRA,48,38,500,289.00,"144,500.00"
2026-03-09,227,2026030905000860,NIFRA,48,38,240,289.00,"69,360.00"
2026-03-09,228,2026030905000812,NIFRA,48,43,200,289.00,"57,800.00"
2026-03-09,229,2026030905000792,NIFRA,48,51,"1,109",289.00,"320,501.00"
2026-03-09,230,2026030905000791,NIFRA,48,41,830,288.00,"239,040.00"
2026-03-09,231,2026030905000758,NIFRA,51,41,10,288.00,"2,880.00"
2026-03-09,232,2026030905000976,NIFRA,14,81,605,294.50,"178,172.50"
2026-03-09,233,2026030905000946,NIFRA,14,48,500,294.50,"147,250.00"
2026-03-09,234,2026030905000934,NIFRA,14,48,95,294.00,"27,930.00"
2026-03-09,235,2026030905000915,NIFRA,48,11,33,289.00,"9,537.00"
2026-03-09,236,2026030905000899,NIFRA,14,48,405,294.50,"119,272.50"
2026-03-09,237,2026030905000884,NIFRA,14,58,95,294.00,"27,930.00"
2026-03-09,238,2026030905001185,NRIC,55,58,100,"1,340.00","134,000.00"
2026-03-09,239,2026030905001169,NRIC,40,32,415,"1,290.00","535,350.00"
2026-03-09,240,2026030905001168,NRIC,19,32,500,"1,300.00","650,000.00"
2026-03-09,241,2026030905001167,NRIC,62,32,500,"1,300.00","650,000.00"
2026-03-09,242,2026030905001166,NRIC,34,32,500,"1,300.50","650,250.00"
2026-03-09,243,2026030905001165,NRIC,34,32,50,"1,300.70","65,035.00"
2026-03-09,244,2026030905000748,NRIC,71,41,20,"1,351.00","27,020.00"
2026-03-09,245,2026030905000717,NRIC,50,25,110,"1,349.00","148,390.00"
2026-03-09,246,2026030905000816,NRIC,25,32,200,"1,349.00","269,800.00"
2026-03-09,247,2026030905000815,NRIC,48,32,50,"1,349.00","67,450.00"
2026-03-09,248,2026030905000814,NRIC,50,32,755,"1,349.00","1,018,495.00"
2026-03-09,249,2026030905000795,NRIC,55,17,100,"1,352.00","135,200.00"
2026-03-09,250,2026030905000772,NRIC,1,17,100,"1,352.00","135,200.00"
2026-03-09,251,2026030905000771,NRIC,1,58,200,"1,350.00","270,000.00"
2026-03-09,252,2026030905000994,NRIC,56,36,20,"1,326.00","26,520.00"
2026-03-09,253,2026030905000917,NRIC,49,32,50,"1,340.00","67,000.00"
2026-03-09,254,2026030905000840,NRIC,38,32,50,"1,340.00","67,000.00"
2026-03-09,255,2026030905000835,NRIC,56,59,100,"1,326.00","132,600.00"
2026-03-09,256,2026030905000818,NRIC,64,32,650,"1,340.00","871,000.00"
2026-03-09,257,2026030905000817,NRIC,7,32,515,"1,340.00","690,100.00"
2026-03-09,258,2026030905001157,NRIC,34,38,10,"1,340.00","13,400.00"
2026-03-09,259,2026030905001036,NRIC,40,38,70,"1,340.00","93,800.00"
2026-03-09,260,2026030905001020,NRIC,59,38,80,"1,340.00","107,200.00"
2026-03-09,261,2026030905001019,NRIC,59,32,120,"1,340.00","160,800.00"
2026-03-09,262,2026030905001001,NRIC,7,32,10,"1,340.00","13,400.00"
2026-03-09,263,2026030905001164,NRIC,39,32,"1,000","1,325.00","1,325,000.00"
2026-03-09,264,2026030905001163,NRIC,32,32,50,"1,326.00","66,300.00"
2026-03-09,265,2026030905001162,NRIC,94,32,100,"1,326.00","132,600.00"
2026-03-09,266,2026030905001161,NRIC,56,32,290,"1,326.00","384,540.00"
2026-03-09,267,2026030905001159,NRIC,50,58,547,"1,340.00","732,980.00"
2026-03-09,268,2026030905001158,NRIC,50,38,453,"1,340.00","607,020.00"
2026-03-09,269,2026030905000803,NRM,34,52,10,470.00,"4,700.00"
2026-03-09,270,2026030905000802,NRM,34,48,400,470.00,"188,000.00"
2026-03-09,271,2026030905000801,NRM,34,39,50,470.00,"23,500.00"
2026-03-09,272,2026030905000800,NRM,34,6,50,470.00,"23,500.00"
2026-03-09,273,2026030905000799,NRM,34,26,"1,500",469.00,"703,500.00"
2026-03-09,274,2026030905001011,NRN,49,63,10,"1,680.00","16,800.00"
2026-03-09,275,2026030905000997,NRN,58,63,50,"1,680.00","84,000.00"
2026-03-09,276,2026030905000769,NRN,16,92,500,"1,650.00","825,000.00"
2026-03-09,277,2026030905000729,NRN,58,58,10,"1,678.90","16,789.00"
2026-03-09,278,2026030905000728,NRN,58,84,"1,502","1,650.00","2,478,300.00"
2026-03-09,279,2026030905000719,NRN,69,84,600,"1,650.00","990,000.00"
2026-03-09,280,2026030905000813,NRN,6,92,122,"1,649.00","201,178.00"
2026-03-09,281,2026030905000778,NRN,32,92,364,"1,649.00","600,236.00"
2026-03-09,282,2026030905000770,NRN,49,92,10,"1,649.00","16,490.00"
2026-03-09,283,2026030905000911,NRN,6,50,300,"1,650.00","495,000.00"
2026-03-09,284,2026030905000900,NRN,49,63,10,"1,680.00","16,800.00"
2026-03-09,285,2026030905001056,NTC,53,57,77,880.00,"67,760.00"
2026-03-09,286,2026030905001055,NTC,90,57,50,880.00,"44,000.00"
2026-03-09,287,2026030905001054,NTC,7,57,150,880.00,"132,000.00"
2026-03-09,288,2026030905001053,NTC,57,57,100,888.00,"88,800.00"
2026-03-09,289,2026030905001052,NTC,38,57,100,889.00,"88,900.00"
2026-03-09,290,2026030905001051,NTC,40,57,200,889.00,"177,800.00"
2026-03-09,291,2026030905000760,NTC,14,65,50,924.00,"46,200.00"
2026-03-09,292,2026030905000757,NTC,62,65,29,924.00,"26,796.00"
2026-03-09,293,2026030905000756,NTC,62,58,240,922.00,"221,280.00"
2026-03-09,294,2026030905000755,NTC,62,19,40,918.00,"36,720.00"
2026-03-09,295,2026030905000960,NTC,21,57,80,910.00,"72,800.00"
2026-03-09,296,2026030905000959,NTC,45,57,541,910.00,"492,310.00"
2026-03-09,297,2026030905000855,NTC,13,65,29,924.00,"26,796.00"
2026-03-09,298,2026030905000796,NTC,1,65,"1,000",924.00,"924,000.00"
2026-03-09,299,2026030905000785,NTC,7,65,20,924.00,"18,480.00"
2026-03-09,300,2026030905000777,NTC,58,65,90,924.00,"83,160.00"
2026-03-09,301,2026030905000966,NTC,52,57,310,905.00,"280,550.00"
2026-03-09,302,2026030905000965,NTC,57,57,10,905.50,"9,055.00"
2026-03-09,303,2026030905000964,NTC,59,57,45,907.00,"40,815.00"
2026-03-09,304,2026030905000963,NTC,43,57,130,907.10,"117,923.00"
2026-03-09,305,2026030905000962,NTC,14,57,50,907.10,"45,355.00"
2026-03-09,306,2026030905000961,NTC,1,57,275,908.00,"249,700.00"
2026-03-09,307,2026030905000972,NTC,57,57,89,890.00,"79,210.00"
2026-03-09,308,2026030905000971,NTC,38,57,150,890.00,"133,500.00"
2026-03-09,309,2026030905000970,NTC,49,57,50,900.00,"45,000.00"
2026-03-09,310,2026030905000969,NTC,3,57,110,900.00,"99,000.00"
2026-03-09,311,2026030905000968,NTC,49,57,50,901.00,"45,050.00"
2026-03-09,312,2026030905000967,NTC,51,57,110,905.00,"99,550.00"
2026-03-09,313,2026030905001050,NTC,62,57,500,889.00,"444,500.00"
2026-03-09,314,2026030905001049,NTC,13,57,100,889.40,"88,940.00"
2026-03-09,315,2026030905001048,NTC,69,57,62,889.40,"55,142.80"
2026-03-09,316,2026030905001047,NTC,38,57,500,890.00,"445,000.00"
2026-03-09,317,2026030905001046,NTC,58,57,50,890.00,"44,500.00"
2026-03-09,318,2026030905001045,NTC,57,57,111,890.00,"98,790.00"
2026-03-09,319,2026030905001187,NYADI,41,41,75,429.00,"32,175.00"
2026-03-09,320,2026030905001141,NYADI,81,41,10,429.00,"4,290.00"
2026-03-09,321,2026030905000955,NYADI,41,41,100,429.00,"42,900.00"
2026-03-09,322,2026030905000886,NYADI,50,60,10,429.40,"4,294.00"
2026-03-09,323,2026030905000881,NYADI,60,66,10,429.00,"4,290.00"
2026-03-09,324,2026030905000794,NYADI,45,22,10,421.30,"4,213.00"
2026-03-09,325,2026030905001203,PHCL,17,47,70,327.00,"22,890.00"
2026-03-09,326,2026030905001181,PHCL,17,58,90,327.00,"29,430.00"
2026-03-09,327,2026030905001180,PHCL,39,58,460,327.00,"150,420.00"
2026-03-09,328,2026030905001179,PHCL,52,58,50,327.00,"16,350.00"
2026-03-09,329,2026030905001145,PHCL,58,65,110,328.00,"36,080.00"
2026-03-09,330,2026030905001088,PHCL,1,65,100,328.00,"32,800.00"
2026-03-09,331,2026030905000720,PHCL,4,34,20,326.90,"6,538.00"
2026-03-09,332,2026030905000718,PHCL,57,34,25,326.90,"8,172.50"
2026-03-09,333,2026030905000797,PHCL,4,65,259,328.90,"85,185.10"
2026-03-09,334,2026030905000765,PHCL,4,57,50,328.90,"16,445.00"
2026-03-09,335,2026030905000764,PHCL,4,7,10,327.00,"3,270.00"
2026-03-09,336,2026030905000763,PHCL,4,34,56,326.90,"18,306.40"
2026-03-09,337,2026030905000762,PHCL,4,4,50,325.00,"16,250.00"
2026-03-09,338,2026030905000759,PHCL,47,4,50,325.00,"16,250.00"
2026-03-09,339,2026030905001015,PHCL,57,57,200,327.00,"65,400.00"
2026-03-09,340,2026030905000989,PHCL,57,57,220,327.00,"71,940.00"
2026-03-09,341,2026030905000910,PHCL,57,49,400,327.00,"130,800.00"
2026-03-09,342,2026030905000897,PHCL,57,65,300,328.00,"98,400.00"
2026-03-09,343,2026030905000874,PHCL,49,65,150,328.00,"49,200.00"
2026-03-09,344,2026030905000857,PHCL,55,65,100,328.00,"32,800.00"
2026-03-09,345,2026030905001031,PHCL,64,44,300,326.90,"98,070.00"
2026-03-09,346,2026030905001030,PHCL,58,44,139,326.90,"45,439.10"
2026-03-09,347,2026030905001029,PHCL,36,44,91,326.90,"29,747.90"
2026-03-09,348,2026030905001028,PHCL,45,44,300,327.00,"98,100.00"
2026-03-09,349,2026030905001027,PHCL,57,44,180,327.00,"58,860.00"
2026-03-09,350,2026030905001017,PHCL,58,65,500,328.00,"164,000.00"
2026-03-09,351,2026030905001040,PHCL,42,44,295,326.90,"96,435.50"
2026-03-09,352,2026030905001039,PHCL,58,44,50,326.90,"16,345.00"
2026-03-09,353,2026030905001035,PHCL,14,44,90,326.90,"29,421.00"
2026-03-09,354,2026030905001034,PHCL,58,44,10,326.90,"3,269.00"
2026-03-09,355,2026030905001033,PHCL,1,44,100,326.90,"32,690.00"
2026-03-09,356,2026030905001032,PHCL,74,44,250,326.90,"81,725.00"
2026-03-09,357,2026030905001212,PPL,11,68,20,424.00,"8,480.00"
2026-03-09,358,2026030905001176,PPL,28,41,"1,000",423.00,"423,000.00"
2026-03-09,359,2026030905001025,PPL,28,14,"4,080",421.00,"1,717,680.00"
2026-03-09,360,2026030905001022,PPL,49,14,920,422.00,"388,240.00"
2026-03-09,361,2026030905001010,PPL,49,25,80,420.00,"33,600.00"
2026-03-09,362,2026030905001000,PPL,58,25,20,420.00,"8,400.00"
2026-03-09,363,2026030905000743,PPL,62,101,"7,683",423.90,"3,256,823.70"
2026-03-09,364,2026030905000742,PPL,62,94,"1,994",423.00,"843,462.00"
2026-03-09,365,2026030905000741,PPL,62,64,100,422.90,"42,290.00"
2026-03-09,366,2026030905000740,PPL,62,28,200,415.80,"83,160.00"
2026-03-09,367,2026030905000739,PPL,62,91,23,415.80,"9,563.40"
2026-03-09,368,2026030905000982,PPL,62,68,"2,985",424.00,"1,265,640.00"
2026-03-09,369,2026030905000981,PPL,62,101,"1,167",423.90,"494,691.30"
2026-03-09,370,2026030905000980,PPL,62,50,848,422.00,"357,856.00"
2026-03-09,371,2026030905000922,PPL,58,50,472,422.00,"199,184.00"
2026-03-09,372,2026030905000866,PPL,16,50,60,422.00,"25,320.00"
2026-03-09,373,2026030905000846,PPL,58,50,120,422.00,"50,640.00"
2026-03-09,374,2026030905001131,RAWA,6,52,10,740.00,"7,400.00"
2026-03-09,375,2026030905000938,RFPL,28,95,10,428.40,"4,284.00"
2026-03-09,376,2026030905000887,RFPL,28,67,10,428.40,"4,284.00"
2026-03-09,377,2026030905001080,RNLI,50,41,100,520.20,"52,020.00"
2026-03-09,378,2026030905000945,SAHAS,100,58,13,624.90,"8,123.70"
2026-03-09,379,2026030905000924,SAHAS,100,47,10,624.90,"6,249.00"
2026-03-09,380,2026030905000861,SAHAS,100,37,20,624.90,"12,498.00"
2026-03-09,381,2026030905000798,SAHAS,33,1,20,624.90,"12,498.00"
2026-03-09,382,2026030905001149,SANVI,58,33,210,892.00,"187,320.00"
2026-03-09,383,2026030905001129,SANVI,1,33,30,892.00,"26,760.00"
2026-03-09,384,2026030905001059,SANVI,41,33,80,900.00,"72,000.00"
2026-03-09,385,2026030905001058,SANVI,51,101,200,907.00,"181,400.00"
2026-03-09,386,2026030905000932,SANVI,48,101,60,907.00,"54,420.00"
2026-03-09,387,2026030905000931,SANVI,48,83,30,907.00,"27,210.00"
2026-03-09,388,2026030905000836,SANVI,48,48,60,890.00,"53,400.00"
2026-03-09,389,2026030905000819,SANVI,17,48,500,890.00,"445,000.00"
2026-03-09,390,2026030905000930,SANVI,48,45,10,890.20,"8,902.00"
2026-03-09,391,2026030905000903,SANVI,33,33,"2,000",890.00,"1,780,000.00"
2026-03-09,392,2026030905000902,SANVI,33,63,400,890.00,"356,000.00"
2026-03-09,393,2026030905000901,SANVI,33,48,"1,388",890.00,"1,235,320.00"
2026-03-09,394,2026030905000896,SANVI,26,48,10,890.00,"8,900.00"
2026-03-09,395,2026030905000845,SANVI,58,48,370,890.00,"329,300.00"
2026-03-09,396,2026030905000885,SFEF,10,13,"47,183",10.12,"477,491.96"
2026-03-09,397,2026030905000754,SGHC,58,71,850,440.00,"374,000.00"
2026-03-09,398,2026030905001207,SHIVM,58,33,12,675.00,"8,100.00"
2026-03-09,399,2026030905001202,SHIVM,57,33,30,675.00,"20,250.00"
2026-03-09,400,2026030905001191,SHIVM,45,33,10,675.00,"6,750.00"
2026-03-09,401,2026030905001189,SHIVM,45,33,"1,000",675.00,"675,000.00"
2026-03-09,402,2026030905001183,SHIVM,58,21,500,686.00,"343,000.00"
2026-03-09,403,2026030905001156,SHIVM,71,21,11,686.00,"7,546.00"
2026-03-09,404,2026030905000775,SHIVM,60,33,280,685.00,"191,800.00"
2026-03-09,405,2026030905000773,SHIVM,63,33,"4,720",686.40,"3,239,808.00"
2026-03-09,406,2026030905000749,SHIVM,63,57,37,686.40,"25,396.80"
2026-03-09,407,2026030905000744,SHIVM,63,62,"1,683",686.40,"1,155,211.20"
2026-03-09,408,2026030905000882,SHIVM,39,26,100,686.40,"68,640.00"
2026-03-09,409,2026030905000849,SHIVM,39,69,16,686.40,"10,982.40"
2026-03-09,410,2026030905000848,SHIVM,41,69,14,686.40,"9,609.60"
2026-03-09,411,2026030905000847,SHIVM,60,69,220,695.20,"152,944.00"
2026-03-09,412,2026030905000838,SHIVM,60,48,"1,000",695.20,"695,200.00"
2026-03-09,413,2026030905000820,SHIVM,60,58,500,695.20,"347,600.00"
2026-03-09,414,2026030905001007,SHIVM,52,33,48,686.00,"32,928.00"
2026-03-09,415,2026030905001006,SHIVM,52,33,50,686.00,"34,300.00"
2026-03-09,416,2026030905001005,SHIVM,58,33,85,686.40,"58,344.00"
2026-03-09,417,2026030905001004,SHIVM,41,33,25,686.40,"17,160.00"
2026-03-09,418,2026030905001003,SHIVM,39,33,323,686.40,"221,707.20"
2026-03-09,419,2026030905000926,SHIVM,39,53,61,686.40,"41,870.40"
2026-03-09,420,2026030905001119,SHIVM,60,60,50,686.00,"34,300.00"
2026-03-09,421,2026030905001118,SHIVM,60,43,50,685.00,"34,250.00"
2026-03-09,422,2026030905001018,SHIVM,72,43,200,685.00,"137,000.00"
2026-03-09,423,2026030905001016,SHIVM,58,60,50,686.00,"34,300.00"
2026-03-09,424,2026030905001009,SHIVM,35,60,"1,131",686.00,"775,866.00"
2026-03-09,425,2026030905001008,SHIVM,35,33,"2,469",686.00,"1,693,734.00"
2026-03-09,426,2026030905001155,SHIVM,71,62,89,686.00,"61,054.00"
2026-03-09,427,2026030905001138,SHIVM,49,62,11,686.00,"7,546.00"
2026-03-09,428,2026030905001137,SHIVM,49,60,369,686.00,"253,134.00"
2026-03-09,429,2026030905001136,SHIVM,49,56,120,680.00,"81,600.00"
2026-03-09,430,2026030905001123,SHIVM,11,56,180,680.00,"122,400.00"
2026-03-09,431,2026030905001122,SHIVM,57,56,200,680.00,"136,000.00"
2026-03-09,432,2026030905000895,SMATA,35,52,10,852.70,"8,527.00"
2026-03-09,433,2026030905000894,SMATA,35,87,10,852.70,"8,527.00"
2026-03-09,434,2026030905001139,SMH,6,34,10,660.00,"6,600.00"
2026-03-09,435,2026030905000993,SMH,7,42,10,659.90,"6,599.00"
2026-03-09,436,2026030905000823,SMH,58,34,10,659.90,"6,599.00"
2026-03-09,437,2026030905000774,SMH,58,86,10,659.90,"6,599.00"
2026-03-09,438,2026030905001200,SMHL,40,41,400,509.00,"203,600.00"
2026-03-09,439,2026030905001199,SMHL,44,41,40,509.00,"20,360.00"
2026-03-09,440,2026030905001196,SMHL,49,16,723,505.00,"365,115.00"
2026-03-09,441,2026030905001195,SMHL,19,16,60,505.00,"30,300.00"
2026-03-09,442,2026030905001194,SMHL,1,16,69,505.00,"34,845.00"
2026-03-09,443,2026030905001193,SMHL,6,16,148,506.00,"74,888.00"
2026-03-09,444,2026030905000793,SMHL,64,3,150,514.00,"77,100.00"
2026-03-09,445,2026030905000789,SMHL,4,3,100,514.00,"51,400.00"
2026-03-09,446,2026030905000734,SMHL,44,91,364,514.90,"187,423.60"
2026-03-09,447,2026030905000733,SMHL,44,58,100,514.80,"51,480.00"
2026-03-09,448,2026030905000732,SMHL,44,58,106,514.00,"54,484.00"
2026-03-09,449,2026030905000869,SMHL,45,49,30,505.00,"15,150.00"
2026-03-09,450,2026030905000868,SMHL,55,49,10,505.00,"5,050.00"
2026-03-09,451,2026030905000867,SMHL,26,49,100,505.00,"50,500.00"
2026-03-09,452,2026030905000837,SMHL,34,33,200,510.00,"102,000.00"
2026-03-09,453,2026030905000832,SMHL,7,33,10,510.00,"5,100.00"
2026-03-09,454,2026030905000831,SMHL,13,33,200,510.00,"102,000.00"
2026-03-09,455,2026030905000937,SMHL,58,33,100,510.00,"51,000.00"
2026-03-09,456,2026030905000905,SMHL,51,33,200,510.00,"102,000.00"
2026-03-09,457,2026030905000879,SMHL,17,33,715,510.00,"364,650.00"
2026-03-09,458,2026030905000876,SMHL,57,33,200,510.00,"102,000.00"
2026-03-09,459,2026030905000871,SMHL,1,49,660,505.00,"333,300.00"
2026-03-09,460,2026030905000870,SMHL,89,49,100,505.00,"50,500.00"
2026-03-09,461,2026030905001002,SMHL,14,33,20,510.00,"10,200.00"
2026-03-09,462,2026030905000991,SMHL,4,33,150,510.00,"76,500.00"
2026-03-09,463,2026030905000984,SMHL,48,33,50,510.00,"25,500.00"
2026-03-09,464,2026030905000973,SMHL,7,33,80,510.00,"40,800.00"
2026-03-09,465,2026030905000948,SMHL,1,13,111,505.00,"56,055.00"
2026-03-09,466,2026030905000939,SMHL,57,33,50,510.00,"25,500.00"
2026-03-09,467,2026030905001188,SMHL,49,41,100,509.00,"50,900.00"
2026-03-09,468,2026030905001184,SMHL,54,41,300,509.00,"152,700.00"
2026-03-09,469,2026030905001177,SMHL,48,41,30,509.00,"15,270.00"
2026-03-09,470,2026030905001144,SMHL,47,33,60,510.00,"30,600.00"
2026-03-09,471,2026030905001140,SMHL,49,33,390,510.00,"198,900.00"
2026-03-09,472,2026030905001117,SMHL,17,33,680,510.00,"346,800.00"
2026-03-09,473,2026030905000958,SMJC,34,94,10,493.00,"4,930.00"
2026-03-09,474,2026030905001150,SONA,34,29,40,465.00,"18,600.00"
2026-03-09,475,2026030905000936,SONA,34,29,50,471.70,"23,585.00"
2026-03-09,476,2026030905000935,SONA,32,29,400,471.70,"188,680.00"
2026-03-09,477,2026030905001160,SPC,67,37,10,530.00,"5,300.00"
2026-03-09,478,2026030905001186,SPHL,33,44,10,561.00,"5,610.00"
2026-03-09,479,2026030905000888,SPL,92,96,10,778.00,"7,780.00"
2026-03-09,480,2026030905001044,TAMOR,38,49,90,446.20,"40,158.00"
2026-03-09,481,2026030905001043,TAMOR,28,49,100,446.20,"44,620.00"
2026-03-09,482,2026030905001042,TAMOR,44,49,20,446.20,"8,924.00"
2026-03-09,483,2026030905001041,TAMOR,1,49,10,455.10,"4,551.00"
2026-03-09,484,2026030905000891,TPC,45,72,310,408.00,"126,480.00"
2026-03-09,485,2026030905000890,TPC,7,72,710,413.00,"293,230.00"
2026-03-09,486,2026030905000889,TPC,57,72,100,414.00,"41,400.00"
2026-03-09,487,2026030905000856,TPC,7,47,290,413.00,"119,770.00"
2026-03-09,488,2026030905000809,TPC,4,47,55,413.00,"22,715.00"
2026-03-09,489,2026030905000776,TPC,58,47,100,413.00,"41,300.00"
2026-03-09,490,2026030905000751,TPC,1,47,20,413.00,"8,260.00"
2026-03-09,491,2026030905000747,TPC,53,47,500,413.00,"206,500.00"
2026-03-09,492,2026030905001174,TSHL,28,50,10,802.20,"8,022.00"
2026-03-09,493,2026030905001198,TVCL,69,68,10,676.00,"6,760.00"
2026-03-09,494,2026030905001081,USHEC,1,14,10,490.00,"4,900.00"
2026-03-09,495,2026030905001143,USHL,32,58,10,789.00,"7,890.00"
2026-03-09,496,2026030905001135,USHL,74,58,10,789.00,"7,890.00"
2026-03-09,497,2026030905001026,USHL,74,58,10,789.00,"7,890.00"
2026-03-09,498,2026030905000949,USHL,74,90,10,789.00,"7,890.00"
2026-03-09,499,2026030905000892,USHL,74,90,10,789.00,"7,890.00"
2026-03-09,500,2026030905000947,VLUCL,49,22,10,590.00,"5,900.00"
2026-03-09,501,2026030905000344,BBC,45,55,10,"4,807.20","48,072.00"
2026-03-09,502,2026030905000340,BBC,45,32,10,"4,807.20","48,072.00"
2026-03-09,503,2026030905000383,BGWT,38,60,10,796.00,"7,960.00"
2026-03-09,504,2026030905000382,BGWT,38,49,34,796.00,"27,064.00"
2026-03-09,505,2026030905000602,BHDC,50,34,800,513.40,"410,720.00"
2026-03-09,506,2026030905000547,BHDC,54,34,400,513.40,"205,360.00"
2026-03-09,507,2026030905000546,BHDC,54,43,100,513.10,"51,310.00"
2026-03-09,508,2026030905000354,BHDC,56,43,100,503.40,"50,340.00"
2026-03-09,509,2026030905000522,BHL,22,37,"1,400",221.00,"309,400.00"
2026-03-09,510,2026030905000500,BHL,45,37,100,221.00,"22,100.00"
2026-03-09,511,2026030905000497,BHL,52,37,500,221.00,"110,500.00"
2026-03-09,512,2026030905000389,BHL,51,69,10,217.20,"2,172.00"
2026-03-09,513,2026030905000234,BHL,57,37,100,213.00,"21,300.00"
2026-03-09,514,2026030905000712,BHPL,34,34,547,615.00,"336,405.00"
2026-03-09,515,2026030905000711,BHPL,34,95,263,615.00,"161,745.00"
2026-03-09,516,2026030905000703,BHPL,34,95,30,615.00,"18,450.00"
2026-03-09,517,2026030905000677,BHPL,49,95,100,615.00,"61,500.00"
2026-03-09,518,2026030905000538,BHPL,34,95,30,615.00,"18,450.00"
2026-03-09,519,2026030905000509,BHPL,42,95,77,615.00,"47,355.00"
2026-03-09,520,2026030905000508,BHPL,42,34,10,615.00,"6,150.00"
2026-03-09,521,2026030905000507,BHPL,42,58,13,614.00,"7,982.00"
2026-03-09,522,2026030905000357,BHPL,14,39,20,603.00,"12,060.00"
2026-03-09,523,2026030905000328,BHPL,34,39,50,603.10,"30,155.00"
2026-03-09,524,2026030905000327,BHPL,11,39,30,603.10,"18,093.00"
2026-03-09,525,2026030905000324,BHPL,11,34,10,603.10,"6,031.00"
2026-03-09,526,2026030905000623,BNHC,42,84,10,357.00,"3,570.00"
2026-03-09,527,2026030905000585,BNHC,42,47,10,357.00,"3,570.00"
2026-03-09,528,2026030905000579,BNHC,42,14,10,357.00,"3,570.00"
2026-03-09,529,2026030905000544,CHDC,50,1,10,"2,689.00","26,890.00"
2026-03-09,530,2026030905000543,CHDC,50,59,100,"2,655.00","265,500.00"
2026-03-09,531,2026030905000466,CHDC,42,59,200,"2,655.00","531,000.00"
2026-03-09,532,2026030905000381,CHDC,50,1,10,"2,637.20","26,372.00"
2026-03-09,533,2026030905000360,CHDC,65,39,40,"2,637.00","105,480.00"
2026-03-09,534,2026030905000312,CHDC,46,62,100,"2,600.00","260,000.00"
2026-03-09,535,2026030905000310,CHDC,16,59,200,"2,637.00","527,400.00"
2026-03-09,536,2026030905000654,CKHL,17,41,20,751.00,"15,020.00"
2026-03-09,537,2026030905000610,CKHL,35,41,190,752.70,"143,013.00"
2026-03-09,538,2026030905000557,CKHL,35,33,10,751.00,"7,510.00"
2026-03-09,539,2026030905000450,CKHL,58,41,90,738.00,"66,420.00"
2026-03-09,540,2026030905000369,CKHL,58,96,10,738.00,"7,380.00"
2026-03-09,541,2026030905000288,CKHL,58,41,100,751.70,"75,170.00"
2026-03-09,542,2026030905000280,CKHL,17,41,10,751.70,"7,517.00"
2026-03-09,543,2026030905000279,CKHL,17,57,10,737.40,"7,374.00"
2026-03-09,544,2026030905000257,CLI,55,57,140,483.20,"67,648.00"
2026-03-09,545,2026030905000256,CLI,26,57,10,483.20,"4,832.00"
2026-03-09,546,2026030905000255,CLI,19,57,100,483.20,"48,320.00"
2026-03-09,547,2026030905000254,CLI,13,57,250,483.20,"120,800.00"
2026-03-09,548,2026030905000253,CLI,62,57,500,483.20,"241,600.00"
2026-03-09,549,2026030905000587,DOLTI,47,35,50,530.60,"26,530.00"
2026-03-09,550,2026030905000586,DOLTI,47,43,10,530.60,"5,306.00"
2026-03-09,551,2026030905000549,DOLTI,21,65,10,522.00,"5,220.00"
2026-03-09,552,2026030905000296,DOLTI,58,43,10,520.20,"5,202.00"
2026-03-09,553,2026030905000699,DORDI,14,22,100,300.10,"30,010.00"
2026-03-09,554,2026030905000698,DORDI,54,22,200,304.00,"60,800.00"
2026-03-09,555,2026030905000499,DORDI,14,32,10,300.10,"3,001.00"
2026-03-09,556,2026030905000420,DORDI,55,65,10,294.30,"2,943.00"
2026-03-09,557,2026030905000355,DORDI,55,7,10,294.30,"2,943.00"
2026-03-09,558,2026030905000670,EHPL,36,71,10,427.30,"4,273.00"
2026-03-09,559,2026030905000644,EHPL,36,58,10,427.30,"4,273.00"
2026-03-09,560,2026030905000608,EHPL,36,34,10,427.30,"4,273.00"
2026-03-09,561,2026030905000375,ENL,57,80,10,953.70,"9,537.00"
2026-03-09,562,2026030905000336,GCIL,37,55,10,442.60,"4,426.00"
2026-03-09,563,2026030905000542,GCIL,10,45,190,451.40,"85,766.00"
2026-03-09,564,2026030905000541,GCIL,10,4,12,451.00,"5,412.00"
2026-03-09,565,2026030905000646,GVL,34,14,10,514.60,"5,146.00"
2026-03-09,566,2026030905000537,HATHY,49,13,50,975.00,"48,750.00"
2026-03-09,567,2026030905000342,HATHY,49,94,10,956.00,"9,560.00"
2026-03-09,568,2026030905000667,HDL,58,67,100,"1,264.00","126,400.00"
2026-03-09,569,2026030905000663,HDL,57,57,710,"1,250.00","887,500.00"
2026-03-09,570,2026030905000662,HDL,58,57,100,"1,254.00","125,400.00"
2026-03-09,571,2026030905000661,HDL,14,57,40,"1,254.00","50,160.00"
2026-03-09,572,2026030905000660,HDL,32,57,100,"1,254.10","125,410.00"
2026-03-09,573,2026030905000292,HDL,38,41,20,"1,205.50","24,110.00"
2026-03-09,574,2026030905000484,HDL,48,58,10,"1,229.60","12,296.00"
2026-03-09,575,2026030905000293,HDL,64,41,80,"1,205.50","96,440.00"
2026-03-09,576,2026030905000659,HDL,41,57,50,"1,254.10","62,705.00"
2026-03-09,577,2026030905000606,HDL,41,57,100,"1,254.10","125,410.00"
2026-03-09,578,2026030905000531,HDL,33,11,500,"1,240.00","620,000.00"
2026-03-09,579,2026030905000650,HIDCL,48,38,10,282.60,"2,826.00"
2026-03-09,580,2026030905000505,HIDCL,48,52,10,282.60,"2,826.00"
2026-03-09,581,2026030905000315,HIDCL,52,43,200,277.10,"55,420.00"
2026-03-09,582,2026030905000687,HRL,74,45,156,941.00,"146,796.00"
2026-03-09,583,2026030905000672,HRL,49,13,50,940.00,"47,000.00"
2026-03-09,584,2026030905000671,HRL,49,44,100,940.00,"94,000.00"
2026-03-09,585,2026030905000386,HRL,26,49,200,903.00,"180,600.00"
2026-03-09,586,2026030905000385,HRL,35,49,85,911.00,"77,435.00"
2026-03-09,587,2026030905000376,HRL,35,57,15,911.00,"13,665.00"
2026-03-09,588,2026030905000345,HRL,49,42,10,901.00,"9,010.00"
2026-03-09,589,2026030905000269,HRL,58,64,10,893.50,"8,935.00"
2026-03-09,590,2026030905000444,HRL,58,38,10,919.00,"9,190.00"
2026-03-09,591,2026030905000437,HRL,58,38,50,919.00,"45,950.00"
2026-03-09,592,2026030905000392,HRL,7,38,100,919.00,"91,900.00"
2026-03-09,593,2026030905000391,HRL,7,57,100,911.30,"91,130.00"
2026-03-09,594,2026030905000387,HRL,54,49,229,902.00,"206,558.00"
2026-03-09,595,2026030905000540,HRL,16,6,10,937.00,"9,370.00"
2026-03-09,596,2026030905000539,HRL,16,38,100,937.00,"93,700.00"
2026-03-09,597,2026030905000525,HRL,58,38,50,937.00,"46,850.00"
2026-03-09,598,2026030905000470,HRL,45,57,500,925.00,"462,500.00"
2026-03-09,599,2026030905000464,HRL,58,38,50,937.00,"46,850.00"
2026-03-09,600,2026030905000679,IHL,35,33,10,536.50,"5,365.00"
2026-03-09,601,2026030905000459,ILI,49,22,38,465.00,"17,670.00"
2026-03-09,602,2026030905000435,ILI,49,58,12,465.00,"5,580.00"
2026-03-09,603,2026030905000455,MAKAR,49,86,10,563.80,"5,638.00"
2026-03-09,604,2026030905000225,MAKAR,49,14,10,552.80,"5,528.00"
2026-03-09,605,2026030905000631,MBJC,59,43,65,322.00,"20,930.00"
2026-03-09,606,2026030905000457,MBJC,58,94,950,323.00,"306,850.00"
2026-03-09,607,2026030905000456,MBJC,58,35,50,321.00,"16,050.00"
2026-03-09,608,2026030905000427,MBJC,29,94,100,323.00,"32,300.00"
2026-03-09,609,2026030905000426,MBJC,29,57,50,322.50,"16,125.00"
2026-03-09,610,2026030905000425,MBJC,29,35,50,322.00,"16,100.00"
2026-03-09,611,2026030905000272,MBJC,58,58,10,306.00,"3,060.00"
2026-03-09,612,2026030905000403,MBJC,35,35,50,322.00,"16,100.00"
2026-03-09,613,2026030905000343,MBJC,58,94,10,323.00,"3,230.00"
2026-03-09,614,2026030905000307,MBJC,58,58,10,318.20,"3,182.00"
2026-03-09,615,2026030905000295,MBJC,58,58,10,318.00,"3,180.00"
2026-03-09,616,2026030905000285,MBJC,58,58,10,312.00,"3,120.00"
2026-03-09,617,2026030905000276,MBJC,58,58,10,306.20,"3,062.00"
2026-03-09,618,2026030905000349,MCHL,17,63,180,438.40,"78,912.00"
2026-03-09,619,2026030905000448,MEHL,42,57,10,472.00,"4,720.00"
2026-03-09,620,2026030905000446,MEHL,28,57,580,472.00,"273,760.00"
2026-03-09,621,2026030905000445,MEHL,28,48,420,470.00,"197,400.00"
2026-03-09,622,2026030905000282,MEHL,7,65,10,462.90,"4,629.00"
2026-03-09,623,2026030905000242,MEHL,55,57,65,453.90,"29,503.50"
2026-03-09,624,2026030905000241,MEHL,54,57,50,453.90,"22,695.00"
2026-03-09,625,2026030905000240,MEHL,7,57,20,453.90,"9,078.00"
2026-03-09,626,2026030905000239,MEHL,49,57,300,453.90,"136,170.00"
2026-03-09,627,2026030905000238,MEHL,58,57,85,453.90,"38,581.50"
2026-03-09,628,2026030905000692,MEL,58,34,10,311.00,"3,110.00"
2026-03-09,629,2026030905000620,MEL,45,8,430,307.90,"132,397.00"
2026-03-09,630,2026030905000575,MEL,49,8,50,307.90,"15,395.00"
2026-03-09,631,2026030905000262,MEL,58,55,10,301.90,"3,019.00"
2026-03-09,632,2026030905000261,MEL,58,53,20,300.00,"6,000.00"
2026-03-09,633,2026030905000224,MEL,10,53,10,296.00,"2,960.00"
2026-03-09,634,2026030905000353,MEL,29,36,300,301.90,"90,570.00"
2026-03-09,635,2026030905000393,MEL,49,53,30,305.00,"9,150.00"
2026-03-09,636,2026030905000567,MEL,50,8,20,307.90,"6,158.00"
2026-03-09,637,2026030905000680,MHCL,42,26,10,382.80,"3,828.00"
2026-03-09,638,2026030905000304,MHCL,62,58,140,375.30,"52,542.00"
2026-03-09,639,2026030905000303,MHCL,58,58,50,375.30,"18,765.00"
2026-03-09,640,2026030905000626,MHL,25,34,10,556.00,"5,560.00"
2026-03-09,641,2026030905000625,MHL,25,22,300,556.00,"166,800.00"
2026-03-09,642,2026030905000515,MHL,49,32,100,550.00,"55,000.00"
2026-03-09,643,2026030905000449,MHL,13,22,500,556.00,"278,000.00"
2026-03-09,644,2026030905000431,MHL,45,22,200,546.00,"109,200.00"
2026-03-09,645,2026030905000346,MHL,1,22,500,546.00,"273,000.00"
2026-03-09,646,2026030905000649,MKHL,42,50,80,832.30,"66,584.00"
2026-03-09,647,2026030905000648,MKHL,42,19,10,832.30,"8,323.00"
2026-03-09,648,2026030905000647,MKHL,42,34,10,832.00,"8,320.00"
2026-03-09,649,2026030905000268,MKHL,92,34,10,816.00,"8,160.00"
2026-03-09,650,2026030905000630,MKJC,49,94,"1,000",559.00,"559,000.00"
2026-03-09,651,2026030905000570,MKJC,35,94,350,559.00,"195,650.00"
2026-03-09,652,2026030905000555,MKJC,58,94,580,559.00,"324,220.00"
2026-03-09,653,2026030905000548,MKJC,53,60,500,560.00,"280,000.00"
2026-03-09,654,2026030905000512,MKJC,49,72,33,568.90,"18,773.70"
2026-03-09,655,2026030905000226,MKJC,48,48,10,548.70,"5,487.00"
2026-03-09,656,2026030905000363,MKJC,58,38,50,569.00,"28,450.00"
2026-03-09,657,2026030905000358,MKJC,48,38,10,569.00,"5,690.00"
2026-03-09,658,2026030905000322,MKJC,58,57,70,559.00,"39,130.00"
2026-03-09,659,2026030905000311,MKJC,48,57,10,559.00,"5,590.00"
2026-03-09,660,2026030905000251,MKJC,52,57,10,559.00,"5,590.00"
2026-03-09,661,2026030905000249,MKJC,48,57,10,559.00,"5,590.00"
2026-03-09,662,2026030905000573,MMKJL,53,75,39,602.00,"23,478.00"
2026-03-09,663,2026030905000498,MMKJL,7,75,100,602.00,"60,200.00"
2026-03-09,664,2026030905000216,MMKJL,52,58,57,590.50,"33,658.50"
2026-03-09,665,2026030905000215,MMKJL,26,58,500,590.50,"295,250.00"
2026-03-09,666,2026030905000214,MMKJL,33,58,67,590.50,"39,563.50"
2026-03-09,667,2026030905000673,MSHL,45,45,10,805.80,"8,058.00"
2026-03-09,668,2026030905000683,NBF2,33,29,"5,000",9.89,"49,450.00"
2026-03-09,669,2026030905000696,NIFRA,58,51,15,289.00,"4,335.00"
2026-03-09,670,2026030905000695,NIFRA,75,51,376,289.00,"108,664.00"
2026-03-09,671,2026030905000694,NIFRA,75,8,554,289.00,"160,106.00"
2026-03-09,672,2026030905000612,NIFRA,26,8,"1,446",289.60,"418,761.60"
2026-03-09,673,2026030905000609,NIFRA,26,38,54,289.60,"15,638.40"
2026-03-09,674,2026030905000597,NIFRA,19,90,33,284.10,"9,375.30"
2026-03-09,675,2026030905000596,NIFRA,43,90,199,289.60,"57,630.40"
2026-03-09,676,2026030905000572,NIFRA,43,48,801,289.00,"231,489.00"
2026-03-09,677,2026030905000571,NIFRA,35,48,370,289.60,"107,152.00"
2026-03-09,678,2026030905000469,NIFRA,39,42,370,284.00,"105,080.00"
2026-03-09,679,2026030905000429,NIFRA,39,86,10,284.00,"2,840.00"
2026-03-09,680,2026030905000341,NIFRA,62,58,54,278.50,"15,039.00"
2026-03-09,681,2026030905000689,NRIC,50,71,50,"1,349.00","67,450.00"
2026-03-09,682,2026030905000688,NRIC,50,49,85,"1,349.00","114,665.00"
2026-03-09,683,2026030905000643,NRIC,7,58,30,"1,340.00","40,200.00"
2026-03-09,684,2026030905000588,NRIC,7,51,455,"1,340.00","609,700.00"
2026-03-09,685,2026030905000277,NRIC,64,42,250,"1,300.00","325,000.00"
2026-03-09,686,2026030905000270,NRIC,26,42,"1,000","1,300.00","1,300,000.00"
2026-03-09,687,2026030905000266,NRIC,55,42,250,"1,300.00","325,000.00"
2026-03-09,688,2026030905000265,NRIC,55,17,750,"1,299.00","974,250.00"
2026-03-09,689,2026030905000263,NRIC,17,17,250,"1,299.00","324,750.00"
2026-03-09,690,2026030905000243,NRIC,59,62,10,"1,300.50","13,005.00"
2026-03-09,691,2026030905000350,NRIC,67,17,500,"1,326.00","663,000.00"
2026-03-09,692,2026030905000318,NRIC,29,57,10,"1,326.00","13,260.00"
2026-03-09,693,2026030905000306,NRIC,57,57,90,"1,326.00","119,340.00"
2026-03-09,694,2026030905000305,NRIC,57,62,10,"1,326.00","13,260.00"
2026-03-09,695,2026030905000283,NRIC,40,45,100,"1,326.00","132,600.00"
2026-03-09,696,2026030905000278,NRIC,64,36,100,"1,300.00","130,000.00"
2026-03-09,697,2026030905000576,NRIC,56,8,200,"1,326.00","265,200.00"
2026-03-09,698,2026030905000527,NRIC,41,51,35,"1,340.00","46,900.00"
2026-03-09,699,2026030905000524,NRIC,58,51,10,"1,340.00","13,400.00"
2026-03-09,700,2026030905000365,NRIC,50,17,300,"1,352.00","405,600.00"
2026-03-09,701,2026030905000361,NRIC,56,17,490,"1,326.00","649,740.00"
2026-03-09,702,2026030905000356,NRIC,62,17,10,"1,326.00","13,260.00"
2026-03-09,703,2026030905000495,NRM,58,34,200,462.00,"92,400.00"
2026-03-09,704,2026030905000494,NRM,58,48,200,460.00,"92,000.00"
2026-03-09,705,2026030905000493,NRM,58,44,100,453.50,"45,350.00"
2026-03-09,706,2026030905000492,NRM,58,48,200,453.50,"90,700.00"
2026-03-09,707,2026030905000491,NRM,58,28,300,453.50,"136,050.00"
2026-03-09,708,2026030905000417,NRM,47,28,100,453.50,"45,350.00"
2026-03-09,709,2026030905000247,NRM,49,34,350,444.00,"155,400.00"
2026-03-09,710,2026030905000246,NRM,38,34,50,444.00,"22,200.00"
2026-03-09,711,2026030905000404,NRM,53,28,180,451.00,"81,180.00"
2026-03-09,712,2026030905000388,NRM,49,28,300,451.00,"135,300.00"
2026-03-09,713,2026030905000359,NRM,58,28,20,452.00,"9,040.00"
2026-03-09,714,2026030905000339,NRM,49,34,200,451.00,"90,200.00"
2026-03-09,715,2026030905000337,NRM,45,34,200,451.00,"90,200.00"
2026-03-09,716,2026030905000264,NRM,41,48,150,444.70,"66,705.00"
2026-03-09,717,2026030905000674,NRN,83,84,250,"1,650.00","412,500.00"
2026-03-09,718,2026030905000474,NRN,38,45,10,"1,646.00","16,460.00"
2026-03-09,719,2026030905000438,NRN,58,58,10,"1,646.00","16,460.00"
2026-03-09,720,2026030905000302,NRN,16,38,10,"1,614.60","16,146.00"
2026-03-09,721,2026030905000638,NRN,51,84,10,"1,650.00","16,500.00"
2026-03-09,722,2026030905000710,NTC,58,35,20,907.10,"18,142.00"
2026-03-09,723,2026030905000535,NTC,69,65,50,907.00,"45,350.00"
2026-03-09,724,2026030905000534,NTC,69,42,500,906.00,"453,000.00"
2026-03-09,725,2026030905000533,NTC,69,42,350,905.00,"316,750.00"
2026-03-09,726,2026030905000532,NTC,69,42,100,904.00,"90,400.00"
2026-03-09,727,2026030905000518,NTC,7,42,100,904.00,"90,400.00"
2026-03-09,728,2026030905000219,NTC,38,57,500,889.40,"444,700.00"
2026-03-09,729,2026030905000218,NTC,6,57,100,889.40,"88,940.00"
2026-03-09,730,2026030905000217,NTC,14,57,80,889.40,"71,152.00"
2026-03-09,731,2026030905000213,NTC,14,52,10,889.40,"8,894.00"
2026-03-09,732,2026030905000228,NTC,58,57,100,889.40,"88,940.00"
2026-03-09,733,2026030905000227,NTC,34,57,20,889.40,"17,788.00"
2026-03-09,734,2026030905000223,NTC,74,57,200,889.40,"177,880.00"
2026-03-09,735,2026030905000222,NTC,19,57,50,889.40,"44,470.00"
2026-03-09,736,2026030905000221,NTC,58,57,20,889.40,"17,788.00"
2026-03-09,737,2026030905000220,NTC,41,57,50,889.40,"44,470.00"
2026-03-09,738,2026030905000362,NTC,3,58,10,900.00,"9,000.00"
2026-03-09,739,2026030905000233,NTC,69,57,38,889.40,"33,797.20"
2026-03-09,740,2026030905000232,NTC,67,57,132,889.40,"117,400.80"
2026-03-09,741,2026030905000231,NTC,6,57,500,889.40,"444,700.00"
2026-03-09,742,2026030905000230,NTC,58,57,10,889.40,"8,894.00"
2026-03-09,743,2026030905000229,NTC,74,57,200,889.40,"177,880.00"
2026-03-09,744,2026030905000479,NTC,58,42,100,904.00,"90,400.00"
2026-03-09,745,2026030905000477,NTC,34,42,120,904.00,"108,480.00"
2026-03-09,746,2026030905000465,NTC,44,42,30,904.00,"27,120.00"
2026-03-09,747,2026030905000428,NTC,35,42,50,904.00,"45,200.00"
2026-03-09,748,2026030905000397,NTC,38,42,100,905.00,"90,500.00"
2026-03-09,749,2026030905000396,NTC,49,42,50,905.00,"45,250.00"
2026-03-09,750,2026030905000598,NYADI,81,6,10,421.00,"4,210.00"
2026-03-09,751,2026030905000326,NYADI,58,53,10,413.10,"4,131.00"
2026-03-09,752,2026030905000701,PHCL,55,34,"2,500",326.90,"817,250.00"
2026-03-09,753,2026030905000685,PHCL,14,34,30,326.90,"9,807.00"
2026-03-09,754,2026030905000666,PHCL,38,34,369,326.90,"120,626.10"
2026-03-09,755,2026030905000665,PHCL,38,53,131,326.00,"42,706.00"
2026-03-09,756,2026030905000655,PHCL,58,53,40,326.00,"13,040.00"
2026-03-09,757,2026030905000637,PHCL,56,53,30,327.00,"9,810.00"
2026-03-09,758,2026030905000379,PHCL,49,34,50,320.00,"16,000.00"
2026-03-09,759,2026030905000378,PHCL,41,34,300,322.00,"96,600.00"
2026-03-09,760,2026030905000368,PHCL,65,32,10,322.00,"3,220.00"
2026-03-09,761,2026030905000325,PHCL,19,19,100,316.20,"31,620.00"
2026-03-09,762,2026030905000299,PHCL,19,32,10,316.00,"3,160.00"
2026-03-09,763,2026030905000244,PHCL,69,32,10,310.00,"3,100.00"
2026-03-09,764,2026030905000599,PHCL,1,13,"3,000",326.50,"979,500.00"
2026-03-09,765,2026030905000552,PHCL,45,65,200,327.00,"65,400.00"
2026-03-09,766,2026030905000511,PHCL,19,65,200,327.00,"65,400.00"
2026-03-09,767,2026030905000461,PHCL,51,65,"1,000",327.00,"327,000.00"
2026-03-09,768,2026030905000432,PHCL,58,19,100,321.00,"32,100.00"
2026-03-09,769,2026030905000380,PHCL,44,34,320,317.00,"101,440.00"
2026-03-09,770,2026030905000615,PHCL,44,65,"3,800",327.00,"1,242,600.00"
2026-03-09,771,2026030905000614,PHCL,44,22,290,325.00,"94,250.00"
2026-03-09,772,2026030905000613,PHCL,17,22,10,325.00,"3,250.00"
2026-03-09,773,2026030905000611,PHCL,58,65,"1,500",327.00,"490,500.00"
2026-03-09,774,2026030905000601,PHCL,1,65,"3,300",327.00,"1,079,100.00"
2026-03-09,775,2026030905000600,PHCL,1,48,200,326.90,"65,380.00"
2026-03-09,776,2026030905000636,PHCL,57,53,700,327.00,"228,900.00"
2026-03-09,777,2026030905000635,PHCL,44,53,99,328.90,"32,561.10"
2026-03-09,778,2026030905000619,PHCL,44,95,551,328.90,"181,223.90"
2026-03-09,779,2026030905000618,PHCL,44,17,"3,000",328.90,"986,700.00"
2026-03-09,780,2026030905000617,PHCL,44,55,"1,100",328.90,"361,790.00"
2026-03-09,781,2026030905000616,PHCL,44,53,"4,160",328.90,"1,368,224.00"
2026-03-09,782,2026030905000682,PPL,28,91,"1,000",415.80,"415,800.00"
2026-03-09,783,2026030905000657,PPL,44,91,110,415.80,"45,738.00"
2026-03-09,784,2026030905000653,PPL,44,91,40,415.80,"16,632.00"
2026-03-09,785,2026030905000645,PPL,65,91,149,415.80,"61,954.20"
2026-03-09,786,2026030905000554,PPL,56,91,218,415.80,"90,644.40"
2026-03-09,787,2026030905000489,PPL,34,91,160,415.80,"66,528.00"
2026-03-09,788,2026030905000488,PPL,34,58,40,415.80,"16,632.00"
2026-03-09,789,2026030905000439,PPL,34,58,10,415.80,"4,158.00"
2026-03-09,790,2026030905000423,PPL,14,59,10,407.70,"4,077.00"
2026-03-09,791,2026030905000323,PPL,14,28,100,407.70,"40,770.00"
2026-03-09,792,2026030905000372,RAWA,38,25,10,736.40,"7,364.00"
2026-03-09,793,2026030905000352,RAWA,45,6,10,736.40,"7,364.00"
2026-03-09,794,2026030905000656,RFPL,92,95,10,420.00,"4,200.00"
2026-03-09,795,2026030905000652,RFPL,8,95,10,424.40,"4,244.00"
2026-03-09,796,2026030905000559,RFPL,58,42,10,416.10,"4,161.00"
2026-03-09,797,2026030905000658,RHGCL,58,36,30,309.40,"9,282.00"
2026-03-09,798,2026030905000483,RHGCL,101,18,"1,400",303.40,"424,760.00"
2026-03-09,799,2026030905000482,RHGCL,38,18,100,303.40,"30,340.00"
2026-03-09,800,2026030905000250,RHGCL,58,58,10,297.50,"2,975.00"
2026-03-09,801,2026030905000603,RNLI,49,29,83,510.00,"42,330.00"
2026-03-09,802,2026030905000530,RNLI,49,57,40,510.00,"20,400.00"
2026-03-09,803,2026030905000529,RNLI,49,57,200,510.00,"102,000.00"
2026-03-09,804,2026030905000504,RNLI,58,52,100,500.40,"50,040.00"
2026-03-09,805,2026030905000317,RNLI,62,57,10,500.00,"5,000.00"
2026-03-09,806,2026030905000595,SAHAS,59,38,197,612.70,"120,701.90"
2026-03-09,807,2026030905000594,SAHAS,45,38,500,612.70,"306,350.00"
2026-03-09,808,2026030905000593,SAHAS,58,38,190,612.70,"116,413.00"
2026-03-09,809,2026030905000592,SAHAS,45,38,290,612.80,"177,712.00"
2026-03-09,810,2026030905000591,SAHAS,16,38,100,613.00,"61,300.00"
2026-03-09,811,2026030905000590,SAHAS,58,38,200,615.00,"123,000.00"
2026-03-09,812,2026030905000589,SAHAS,43,38,500,624.90,"312,450.00"
2026-03-09,813,2026030905000523,SAHAS,58,1,20,624.90,"12,498.00"
2026-03-09,814,2026030905000373,SAHAS,58,76,10,612.70,"6,127.00"
2026-03-09,815,2026030905000664,SANVI,52,48,337,890.00,"299,930.00"
2026-03-09,816,2026030905000556,SANVI,48,48,150,890.00,"133,500.00"
2026-03-09,817,2026030905000553,SANVI,58,48,55,890.00,"48,950.00"
2026-03-09,818,2026030905000551,SANVI,57,48,500,890.00,"445,000.00"
2026-03-09,819,2026030905000496,SANVI,58,48,100,890.00,"89,000.00"
2026-03-09,820,2026030905000473,SANVI,35,48,500,890.00,"445,000.00"
2026-03-09,821,2026030905000436,SANVI,58,48,20,890.00,"17,800.00"
2026-03-09,822,2026030905000434,SANVI,88,48,"1,000",890.00,"890,000.00"
2026-03-09,823,2026030905000395,SANVI,45,48,10,890.00,"8,900.00"
2026-03-09,824,2026030905000301,SANVI,45,45,10,872.80,"8,728.00"
2026-03-09,825,2026030905000584,SGHC,4,65,158,440.20,"69,551.60"
2026-03-09,826,2026030905000468,SGHC,62,58,20,431.60,"8,632.00"
2026-03-09,827,2026030905000467,SGHC,62,94,890,424.00,"377,360.00"
2026-03-09,828,2026030905000463,SGHC,58,94,100,424.00,"42,400.00"
2026-03-09,829,2026030905000424,SGHC,58,94,10,424.00,"4,240.00"
2026-03-09,830,2026030905000402,SGHC,58,42,440,416.60,"183,304.00"
2026-03-09,831,2026030905000374,SGHC,58,42,50,416.60,"20,830.00"
2026-03-09,832,2026030905000366,SGHC,58,42,10,416.60,"4,166.00"
2026-03-09,833,2026030905000329,SGHC,34,58,10,414.40,"4,144.00"
2026-03-09,834,2026030905000267,SGHC,52,58,10,408.50,"4,085.00"
2026-03-09,835,2026030905000708,SHIVM,63,29,300,686.40,"205,920.00"
2026-03-09,836,2026030905000707,SHIVM,63,101,200,686.00,"137,200.00"
2026-03-09,837,2026030905000706,SHIVM,63,47,795,686.00,"545,370.00"
2026-03-09,838,2026030905000705,SHIVM,63,33,"2,265",673.00,"1,524,345.00"
2026-03-09,839,2026030905000700,SHIVM,16,33,50,673.00,"33,650.00"
2026-03-09,840,2026030905000697,SHIVM,55,33,600,673.00,"403,800.00"
2026-03-09,841,2026030905000286,SHIVM,16,33,50,660.00,"33,000.00"
2026-03-09,842,2026030905000284,SHIVM,45,33,210,660.00,"138,600.00"
2026-03-09,843,2026030905000275,SHIVM,59,33,200,660.00,"132,000.00"
2026-03-09,844,2026030905000273,SHIVM,34,33,400,660.00,"264,000.00"
2026-03-09,845,2026030905000236,SHIVM,14,99,10,657.40,"6,574.00"
2026-03-09,846,2026030905000316,SHIVM,48,33,800,665.00,"532,000.00"
2026-03-09,847,2026030905000313,SHIVM,42,33,200,665.00,"133,000.00"
2026-03-09,848,2026030905000294,SHIVM,64,33,750,670.50,"502,875.00"
2026-03-09,849,2026030905000291,SHIVM,64,56,100,670.00,"67,000.00"
2026-03-09,850,2026030905000290,SHIVM,64,99,10,670.00,"6,700.00"
2026-03-09,851,2026030905000289,SHIVM,64,33,140,660.00,"92,400.00"
2026-03-09,852,2026030905000371,SHIVM,80,42,200,673.00,"134,600.00"
2026-03-09,853,2026030905000370,SHIVM,80,33,300,670.00,"201,000.00"
2026-03-09,854,2026030905000364,SHIVM,59,33,700,670.00,"469,000.00"
2026-03-09,855,2026030905000348,SHIVM,39,42,100,673.00,"67,300.00"
2026-03-09,856,2026030905000347,SHIVM,91,42,100,673.00,"67,300.00"
2026-03-09,857,2026030905000335,SHIVM,6,33,250,665.00,"166,250.00"
2026-03-09,858,2026030905000410,SHIVM,35,38,100,660.00,"66,000.00"
2026-03-09,859,2026030905000409,SHIVM,4,38,40,660.00,"26,400.00"
2026-03-09,860,2026030905000408,SHIVM,57,38,300,660.00,"198,000.00"
2026-03-09,861,2026030905000407,SHIVM,49,38,500,665.00,"332,500.00"
2026-03-09,862,2026030905000406,SHIVM,49,38,80,665.00,"53,200.00"
2026-03-09,863,2026030905000405,SHIVM,87,38,20,665.00,"13,300.00"
2026-03-09,864,2026030905000418,SHIVM,38,42,500,673.00,"336,500.00"
2026-03-09,865,2026030905000416,SHIVM,64,99,500,670.00,"335,000.00"
2026-03-09,866,2026030905000414,SHIVM,1,38,695,660.00,"458,700.00"
2026-03-09,867,2026030905000413,SHIVM,26,38,200,660.00,"132,000.00"
2026-03-09,868,2026030905000412,SHIVM,6,38,15,660.00,"9,900.00"
2026-03-09,869,2026030905000411,SHIVM,14,38,100,660.00,"66,000.00"
2026-03-09,870,2026030905000471,SHIVM,45,44,530,670.00,"355,100.00"
2026-03-09,871,2026030905000460,SHIVM,6,44,100,670.00,"67,000.00"
2026-03-09,872,2026030905000454,SHIVM,25,44,50,670.00,"33,500.00"
2026-03-09,873,2026030905000452,SHIVM,58,44,250,670.00,"167,500.00"
2026-03-09,874,2026030905000441,SHIVM,11,44,60,670.00,"40,200.00"
2026-03-09,875,2026030905000433,SHIVM,58,44,10,670.00,"6,700.00"
2026-03-09,876,2026030905000486,SHIVM,49,42,30,673.00,"20,190.00"
2026-03-09,877,2026030905000485,SHIVM,49,33,970,670.00,"649,900.00"
2026-03-09,878,2026030905000481,SHIVM,4,33,50,670.00,"33,500.00"
2026-03-09,879,2026030905000478,SHIVM,36,33,500,670.00,"335,000.00"
2026-03-09,880,2026030905000476,SHIVM,101,33,10,670.00,"6,700.00"
2026-03-09,881,2026030905000472,SHIVM,45,33,470,670.00,"314,900.00"
2026-03-09,882,2026030905000561,SHIVM,14,48,100,673.00,"67,300.00"
2026-03-09,883,2026030905000560,SHIVM,14,42,295,673.00,"198,535.00"
2026-03-09,884,2026030905000526,SHIVM,64,42,500,673.00,"336,500.00"
2026-03-09,885,2026030905000517,SHIVM,11,42,30,673.00,"20,190.00"
2026-03-09,886,2026030905000516,SHIVM,17,42,20,673.00,"13,460.00"
2026-03-09,887,2026030905000514,SHIVM,41,42,225,673.00,"151,425.00"
2026-03-09,888,2026030905000577,SHIVM,38,58,10,673.00,"6,730.00"
2026-03-09,889,2026030905000566,SHIVM,14,8,180,683.00,"122,940.00"
2026-03-09,890,2026030905000565,SHIVM,14,34,731,683.00,"499,273.00"
2026-03-09,891,2026030905000564,SHIVM,14,5,300,678.00,"203,400.00"
2026-03-09,892,2026030905000563,SHIVM,14,67,337,678.00,"228,486.00"
2026-03-09,893,2026030905000562,SHIVM,14,45,57,673.00,"38,361.00"
2026-03-09,894,2026030905000640,SHIVM,41,58,210,673.00,"141,330.00"
2026-03-09,895,2026030905000629,SHIVM,45,58,100,673.00,"67,300.00"
2026-03-09,896,2026030905000628,SHIVM,38,58,90,673.00,"60,570.00"
2026-03-09,897,2026030905000627,SHIVM,35,58,100,680.00,"68,000.00"
2026-03-09,898,2026030905000581,SHIVM,46,62,110,685.00,"75,350.00"
2026-03-09,899,2026030905000580,SHIVM,46,8,320,683.00,"218,560.00"
2026-03-09,900,2026030905000675,SHIVM,71,33,700,678.00,"474,600.00"
2026-03-09,901,2026030905000669,SHIVM,57,47,205,686.00,"140,630.00"
2026-03-09,902,2026030905000668,SHIVM,57,62,295,685.00,"202,075.00"
2026-03-09,903,2026030905000651,SHIVM,56,62,130,685.00,"89,050.00"
2026-03-09,904,2026030905000642,SHIVM,41,62,465,685.00,"318,525.00"
2026-03-09,905,2026030905000641,SHIVM,41,70,325,673.00,"218,725.00"
2026-03-09,906,2026030905000691,SHIVM,65,33,45,673.00,"30,285.00"
2026-03-09,907,2026030905000690,SHIVM,64,33,200,673.00,"134,600.00"
2026-03-09,908,2026030905000686,SHIVM,17,33,500,673.00,"336,500.00"
2026-03-09,909,2026030905000684,SHIVM,42,33,40,673.00,"26,920.00"
2026-03-09,910,2026030905000681,SHIVM,58,33,100,673.00,"67,300.00"
2026-03-09,911,2026030905000676,SHIVM,39,33,500,675.00,"337,500.00"
2026-03-09,912,2026030905000634,SIKLES,54,59,50,640.80,"32,040.00"
2026-03-09,913,2026030905000633,SIKLES,52,59,50,640.80,"32,040.00"
2026-03-09,914,2026030905000632,SIKLES,16,59,90,640.80,"57,672.00"
2026-03-09,915,2026030905000578,SIKLES,16,66,10,640.80,"6,408.00"
2026-03-09,916,2026030905000622,SMATA,14,45,10,836.00,"8,360.00"
2026-03-09,917,2026030905000621,SMATA,14,62,10,836.00,"8,360.00"
2026-03-09,918,2026030905000297,SMATA,35,58,60,820.20,"49,212.00"
2026-03-09,919,2026030905000704,SMH,58,98,10,659.90,"6,599.00"
2026-03-09,920,2026030905000709,SMHL,58,58,30,514.00,"15,420.00"
2026-03-09,921,2026030905000702,SMHL,54,58,140,514.00,"71,960.00"
2026-03-09,922,2026030905000693,SMHL,44,58,100,514.00,"51,400.00"
2026-03-09,923,2026030905000569,SMHL,45,49,800,515.00,"412,000.00"
2026-03-09,924,2026030905000568,SMHL,42,49,135,515.00,"69,525.00"
2026-03-09,925,2026030905000513,SMHL,42,16,165,505.00,"83,325.00"
2026-03-09,926,2026030905000260,SMHL,58,82,400,487.30,"194,920.00"
2026-03-09,927,2026030905000259,SMHL,58,82,40,487.30,"19,492.00"
2026-03-09,928,2026030905000308,SMHL,35,82,"1,000",487.00,"487,000.00"
2026-03-09,929,2026030905000300,SMHL,48,82,"2,000",487.00,"974,000.00"
2026-03-09,930,2026030905000287,SMHL,42,82,45,487.00,"21,915.00"
2026-03-09,931,2026030905000281,SMHL,6,82,"1,000",487.00,"487,000.00"
2026-03-09,932,2026030905000274,SMHL,26,82,100,487.00,"48,700.00"
2026-03-09,933,2026030905000271,SMHL,1,82,500,487.00,"243,500.00"
2026-03-09,934,2026030905000390,SMHL,11,16,200,496.00,"99,200.00"
2026-03-09,935,2026030905000367,SMHL,26,16,100,496.00,"49,600.00"
2026-03-09,936,2026030905000333,SMHL,57,49,900,487.00,"438,300.00"
2026-03-09,937,2026030905000332,SMHL,42,49,100,487.30,"48,730.00"
2026-03-09,938,2026030905000314,SMHL,43,82,315,487.00,"153,405.00"
2026-03-09,939,2026030905000309,SMHL,33,82,"1,000",487.00,"487,000.00"
2026-03-09,940,2026030905000419,SMHL,57,59,100,496.00,"49,600.00"
2026-03-09,941,2026030905000401,SMHL,43,59,790,496.00,"391,840.00"
2026-03-09,942,2026030905000400,SMHL,43,34,10,496.00,"4,960.00"
2026-03-09,943,2026030905000399,SMHL,43,16,10,496.00,"4,960.00"
2026-03-09,944,2026030905000398,SMHL,43,16,190,496.00,"94,240.00"
2026-03-09,945,2026030905000394,SMHL,34,16,10,496.00,"4,960.00"
2026-03-09,946,2026030905000487,SMHL,62,16,20,505.00,"10,100.00"
2026-03-09,947,2026030905000480,SMHL,45,16,150,505.00,"75,750.00"
2026-03-09,948,2026030905000462,SMHL,46,49,"1,000",496.00,"496,000.00"
2026-03-09,949,2026030905000440,SMHL,46,53,500,496.00,"248,000.00"
2026-03-09,950,2026030905000422,SMHL,46,59,910,496.00,"451,360.00"
2026-03-09,951,2026030905000421,SMHL,55,59,200,496.00,"99,200.00"
2026-03-09,952,2026030905000510,SMHL,52,16,50,505.00,"25,250.00"
2026-03-09,953,2026030905000506,SMHL,42,16,50,505.00,"25,250.00"
2026-03-09,954,2026030905000503,SMHL,64,16,235,505.00,"118,675.00"
2026-03-09,955,2026030905000502,SMHL,64,34,10,505.00,"5,050.00"
2026-03-09,956,2026030905000501,SMHL,64,16,205,505.00,"103,525.00"
2026-03-09,957,2026030905000490,SMHL,58,16,125,505.00,"63,125.00"
2026-03-09,958,2026030905000384,SMJC,57,57,10,483.40,"4,834.00"
2026-03-09,959,2026030905000442,SONA,34,35,10,462.50,"4,625.00"
2026-03-09,960,2026030905000351,SONA,58,35,10,453.50,"4,535.00"
2026-03-09,961,2026030905000574,SPC,57,35,10,521.20,"5,212.00"
2026-03-09,962,2026030905000519,SPC,57,47,50,521.20,"26,060.00"
2026-03-09,963,2026030905000252,SPC,52,41,10,511.00,"5,110.00"
2026-03-09,964,2026030905000458,SPL,92,96,10,763.00,"7,630.00"
2026-03-09,965,2026030905000338,SPL,92,96,10,749.00,"7,490.00"
2026-03-09,966,2026030905000237,SPL,92,96,10,735.00,"7,350.00"
2026-03-09,967,2026030905000605,STC,49,17,50,"6,294.00","314,700.00"
2026-03-09,968,2026030905000583,STC,16,57,10,"6,335.90","63,359.00"
2026-03-09,969,2026030905000582,STC,16,59,20,"6,335.00","126,700.00"
2026-03-09,970,2026030905000298,STC,51,39,15,"6,171.00","92,565.00"
2026-03-09,971,2026030905000248,STC,8,39,10,"6,171.00","61,710.00"
2026-03-09,972,2026030905000624,TAMOR,44,49,80,446.20,"35,696.00"
2026-03-09,973,2026030905000545,TAMOR,41,49,20,446.20,"8,924.00"
2026-03-09,974,2026030905000550,TPC,42,47,35,423.00,"14,805.00"
2026-03-09,975,2026030905000521,TPC,42,39,10,414.80,"4,148.00"
2026-03-09,976,2026030905000520,TPC,42,58,55,414.00,"22,770.00"
2026-03-09,977,2026030905000447,TPC,34,58,170,414.80,"70,516.00"
2026-03-09,978,2026030905000334,TPC,42,39,10,406.70,"4,067.00"
2026-03-09,979,2026030905000245,TPC,19,39,10,398.80,"3,988.00"
2026-03-09,980,2026030905000235,TPC,19,25,10,398.80,"3,988.00"
2026-03-09,981,2026030905000528,TSHL,33,50,10,786.50,"7,865.00"
2026-03-09,982,2026030905000321,TSHL,38,28,79,771.10,"60,916.90"
2026-03-09,983,2026030905000320,TSHL,62,28,10,771.10,"7,711.00"
2026-03-09,984,2026030905000319,TSHL,64,28,11,771.10,"8,482.10"
2026-03-09,985,2026030905000475,TVCL,60,68,10,676.00,"6,760.00"
2026-03-09,986,2026030905000453,TVCL,28,32,"2,000",670.00,"1,340,000.00"
2026-03-09,987,2026030905000678,UHEWA,43,64,10,604.80,"6,048.00"
2026-03-09,988,2026030905000331,UHEWA,43,50,50,593.00,"29,650.00"
2026-03-09,989,2026030905000330,UHEWA,42,50,50,593.00,"29,650.00"
2026-03-09,990,2026030905000558,ULHC,42,57,390,587.50,"229,125.00"
2026-03-09,991,2026030905000443,ULHC,62,57,10,587.50,"5,875.00"
2026-03-09,992,2026030905000430,ULHC,62,42,10,587.50,"5,875.00"
2026-03-09,993,2026030905000607,USHEC,45,44,10,489.90,"4,899.00"
2026-03-09,994,2026030905000604,USHEC,45,14,10,489.90,"4,899.00"
2026-03-09,995,2026030905000639,USHL,34,62,10,774.00,"7,740.00"
2026-03-09,996,2026030905000536,USHL,34,32,10,774.00,"7,740.00"
2026-03-09,997,2026030905000415,USHL,42,74,50,759.00,"37,950.00"
2026-03-09,998,2026030905000377,USHL,34,32,10,759.00,"7,590.00"
2026-03-09,999,2026030905000258,USHL,59,74,50,744.30,"37,215.00"
2026-03-09,1000,2026030905000451,VLUCL,44,7,30,590.00,"17,700.00"
2026-03-09,1001,2026030904001385,AHPC,58,16,10,310.00,"3,100.00"
2026-03-09,1002,2026030904001334,AHPC,55,16,50,310.00,"15,500.00"
2026-03-09,1003,2026030904001331,AHPC,49,50,"1,499",310.00,"464,690.00"
2026-03-09,1004,2026030904001321,AHPC,58,50,10,310.00,"3,100.00"
2026-03-09,1005,2026030904001312,AHPC,26,50,500,310.00,"155,000.00"
2026-03-09,1006,2026030904001291,AHPC,14,50,40,310.00,"12,400.00"
2026-03-09,1007,2026030904001128,AHPC,5,44,625,316.00,"197,500.00"
2026-03-09,1008,2026030904001118,AHPC,41,44,100,316.00,"31,600.00"
2026-03-09,1009,2026030904001215,AHPC,40,44,"1,000",316.00,"316,000.00"
2026-03-09,1010,2026030904001198,AHPC,34,44,270,316.00,"85,320.00"
2026-03-09,1011,2026030904001196,AHPC,19,44,"1,000",316.00,"316,000.00"
2026-03-09,1012,2026030904001187,AHPC,58,44,60,316.00,"18,960.00"
2026-03-09,1013,2026030904001185,AHPC,58,44,80,316.00,"25,280.00"
2026-03-09,1014,2026030904001142,AHPC,58,44,40,316.00,"12,640.00"
2026-03-09,1015,2026030904001262,AHPC,11,50,600,310.00,"186,000.00"
2026-03-09,1016,2026030904001259,AHPC,50,50,236,310.00,"73,160.00"
2026-03-09,1017,2026030904001244,AHPC,58,50,315,310.00,"97,650.00"
2026-03-09,1018,2026030904001239,AHPC,25,50,"2,200",310.00,"682,000.00"
2026-03-09,1019,2026030904001229,AHPC,89,50,100,310.00,"31,000.00"
2026-03-09,1020,2026030904001228,AHPC,34,50,"1,000",315.00,"315,000.00"
2026-03-09,1021,2026030904001343,AKJCL,52,81,100,394.00,"39,400.00"
2026-03-09,1022,2026030904001336,AKJCL,11,81,10,394.00,"3,940.00"
2026-03-09,1023,2026030904001322,AKJCL,58,81,40,394.00,"15,760.00"
2026-03-09,1024,2026030904001306,AKJCL,8,81,48,394.00,"18,912.00"
2026-03-09,1025,2026030904001225,AKJCL,62,94,"3,000",395.00,"1,185,000.00"
2026-03-09,1026,2026030904001214,AKJCL,38,94,500,395.00,"197,500.00"
2026-03-09,1027,2026030904001119,AKJCL,38,58,200,398.00,"79,600.00"
2026-03-09,1028,2026030904001212,AKJCL,22,94,500,395.00,"197,500.00"
2026-03-09,1029,2026030904001205,AKJCL,92,94,"1,000",395.00,"395,000.00"
2026-03-09,1030,2026030904001200,AKJCL,49,94,500,395.00,"197,500.00"
2026-03-09,1031,2026030904001184,AKJCL,58,94,100,395.00,"39,500.00"
2026-03-09,1032,2026030904001152,AKJCL,64,94,"1,200",395.10,"474,120.00"
2026-03-09,1033,2026030904001139,AKJCL,17,58,20,398.00,"7,960.00"
2026-03-09,1034,2026030904001404,AKPL,58,46,300,299.00,"89,700.00"
2026-03-09,1035,2026030904001403,AKPL,58,41,100,299.00,"29,900.00"
2026-03-09,1036,2026030904001165,AKPL,58,51,145,300.00,"43,500.00"
2026-03-09,1037,2026030904001164,AKPL,58,37,120,300.00,"36,000.00"
2026-03-09,1038,2026030904001163,AKPL,58,62,135,300.00,"40,500.00"
2026-03-09,1039,2026030904001293,AKPL,38,41,100,299.00,"29,900.00"
2026-03-09,1040,2026030904001397,API,63,26,15,340.00,"5,100.00"
2026-03-09,1041,2026030904001396,API,42,26,285,342.00,"97,470.00"
2026-03-09,1042,2026030904001391,API,42,49,215,342.00,"73,530.00"
2026-03-09,1043,2026030904001366,API,10,40,"6,486",345.00,"2,237,670.00"
2026-03-09,1044,2026030904001365,API,10,57,50,345.00,"17,250.00"
2026-03-09,1045,2026030904001364,API,10,51,75,345.00,"25,875.00"
2026-03-09,1046,2026030904001166,API,46,25,350,340.00,"119,000.00"
2026-03-09,1047,2026030904001161,API,58,25,100,340.00,"34,000.00"
2026-03-09,1048,2026030904001147,API,26,25,100,340.00,"34,000.00"
2026-03-09,1049,2026030904001252,API,35,25,100,340.00,"34,000.00"
2026-03-09,1050,2026030904001224,API,41,25,10,340.00,"3,400.00"
2026-03-09,1051,2026030904001204,API,35,25,100,340.00,"34,000.00"
2026-03-09,1052,2026030904001195,API,41,26,200,336.50,"67,300.00"
2026-03-09,1053,2026030904001190,API,14,25,"1,500",340.00,"510,000.00"
2026-03-09,1054,2026030904001181,API,42,25,500,340.00,"170,000.00"
2026-03-09,1055,2026030904001286,API,33,25,300,340.00,"102,000.00"
2026-03-09,1056,2026030904001285,API,33,96,200,337.50,"67,500.00"
2026-03-09,1057,2026030904001281,API,14,96,100,337.50,"33,750.00"
2026-03-09,1058,2026030904001276,API,54,96,200,337.50,"67,500.00"
2026-03-09,1059,2026030904001266,API,58,96,500,337.50,"168,750.00"
2026-03-09,1060,2026030904001256,API,48,25,500,340.00,"170,000.00"
2026-03-09,1061,2026030904001350,API,48,29,100,340.00,"34,000.00"
2026-03-09,1062,2026030904001349,API,48,25,418,340.00,"142,120.00"
2026-03-09,1063,2026030904001339,API,43,25,50,340.00,"17,000.00"
2026-03-09,1064,2026030904001304,API,39,25,500,340.00,"170,000.00"
2026-03-09,1065,2026030904001299,API,58,25,300,340.00,"102,000.00"
2026-03-09,1066,2026030904001287,API,55,25,25,340.00,"8,500.00"
2026-03-09,1067,2026030904001356,API,48,56,347,342.00,"118,674.00"
2026-03-09,1068,2026030904001355,API,48,44,105,341.00,"35,805.00"
2026-03-09,1069,2026030904001354,API,48,61,525,341.00,"179,025.00"
2026-03-09,1070,2026030904001353,API,48,99,500,341.00,"170,500.00"
2026-03-09,1071,2026030904001352,API,48,17,"2,005",341.00,"683,705.00"
2026-03-09,1072,2026030904001351,API,48,8,"1,000",340.00,"340,000.00"
2026-03-09,1073,2026030904001363,API,10,34,200,343.10,"68,620.00"
2026-03-09,1074,2026030904001362,API,10,45,500,343.00,"171,500.00"
2026-03-09,1075,2026030904001361,API,10,13,10,342.90,"3,429.00"
2026-03-09,1076,2026030904001360,API,10,49,"1,050",342.00,"359,100.00"
2026-03-09,1077,2026030904001359,API,10,49,174,342.00,"59,508.00"
2026-03-09,1078,2026030904001358,API,10,56,"2,828",342.00,"967,176.00"
2026-03-09,1079,2026030904001132,AVYAN,32,32,10,"1,039.50","10,395.00"
2026-03-09,1080,2026030904001398,BARUN,32,96,375,389.00,"145,875.00"
2026-03-09,1081,2026030904001395,BARUN,42,29,"1,000",385.00,"385,000.00"
2026-03-09,1082,2026030904001301,BARUN,49,96,100,389.00,"38,900.00"
2026-03-09,1083,2026030904001156,BARUN,57,66,327,390.00,"127,530.00"
2026-03-09,1084,2026030904001155,BARUN,57,38,173,390.00,"67,470.00"
2026-03-09,1085,2026030905000002,BBC,33,39,10,"4,713.00","47,130.00"
2026-03-09,1086,2026030905000206,BEDC,38,57,10,533.30,"5,333.00"
2026-03-09,1087,2026030905000142,BGWT,35,45,30,781.00,"23,430.00"
2026-03-09,1088,2026030905000066,BHDC,39,35,40,493.60,"19,744.00"
2026-03-09,1089,2026030905000065,BHDC,49,35,60,493.60,"29,616.00"
2026-03-09,1090,2026030905000064,BHDC,49,58,40,493.60,"19,744.00"
2026-03-09,1091,2026030905000063,BHDC,41,58,10,493.60,"4,936.00"
2026-03-09,1092,2026030905000062,BHDC,58,58,50,493.60,"24,680.00"
2026-03-09,1093,2026030905000061,BHDC,58,41,100,493.60,"49,360.00"
2026-03-09,1094,2026030905000060,BHDC,58,88,50,493.60,"24,680.00"
2026-03-09,1095,2026030905000211,BHL,35,52,25,208.90,"5,222.50"
2026-03-09,1096,2026030905000200,BHL,35,88,635,208.90,"132,651.50"
2026-03-09,1097,2026030905000199,BHL,34,88,10,208.90,"2,089.00"
2026-03-09,1098,2026030905000198,BHL,58,88,130,208.90,"27,157.00"
2026-03-09,1099,2026030905000197,BHL,44,88,625,208.90,"130,562.50"
2026-03-09,1100,2026030905000196,BHL,57,88,100,208.90,"20,890.00"
2026-03-09,1101,2026030905000195,BHL,63,88,"1,500",208.90,"313,350.00"
2026-03-09,1102,2026030905000172,BHL,63,6,"2,000",208.90,"417,800.00"
2026-03-09,1103,2026030905000165,BHL,63,57,100,208.90,"20,890.00"
2026-03-09,1104,2026030905000053,BHL,63,55,500,208.90,"104,450.00"
2026-03-09,1105,2026030905000080,BHPL,95,58,200,591.30,"118,260.00"
2026-03-09,1106,2026030905000079,BHPL,95,34,10,591.30,"5,913.00"
2026-03-09,1107,2026030904001284,BPCL,47,60,80,800.00,"64,000.00"
2026-03-09,1108,2026030904001258,BPCL,87,53,80,790.00,"63,200.00"
2026-03-09,1109,2026030904001294,CGH,58,70,90,900.00,"81,000.00"
2026-03-09,1110,2026030904001199,CGH,58,58,100,900.00,"90,000.00"
2026-03-09,1111,2026030905000205,CHDC,59,98,50,"2,585.50","129,275.00"
2026-03-09,1112,2026030905000194,CHDC,59,70,79,"2,585.50","204,254.50"
2026-03-09,1113,2026030905000193,CHDC,39,70,250,"2,585.50","646,375.00"
2026-03-09,1114,2026030905000192,CHDC,59,70,171,"2,585.50","442,120.50"
2026-03-09,1115,2026030905000029,CHDC,59,83,10,"2,585.50","25,855.00"
2026-03-09,1116,2026030905000028,CHDC,59,34,12,"2,585.50","31,026.00"
2026-03-09,1117,2026030905000004,CIT,42,44,20,"1,839.00","36,780.00"
2026-03-09,1118,2026030905000003,CIT,58,44,20,"1,839.00","36,780.00"
2026-03-09,1119,2026030905000150,CKHL,38,33,10,737.00,"7,370.00"
2026-03-09,1120,2026030905000149,CKHL,38,57,10,737.00,"7,370.00"
2026-03-09,1121,2026030904001183,DHPL,58,58,10,324.00,"3,240.00"
2026-03-09,1122,2026030904001182,DHPL,58,48,50,324.00,"16,200.00"
2026-03-09,1123,2026030905000168,DORDI,14,4,200,288.60,"57,720.00"
2026-03-09,1124,2026030905000163,DORDI,14,4,160,288.60,"46,176.00"
2026-03-09,1125,2026030905000162,DORDI,58,4,40,288.60,"11,544.00"
2026-03-09,1126,2026030905000057,DORDI,58,50,10,288.60,"2,886.00"
2026-03-09,1127,2026030905000056,DORDI,58,55,500,288.60,"144,300.00"
2026-03-09,1128,2026030905000113,GCIL,57,55,10,434.00,"4,340.00"
2026-03-09,1129,2026030905000112,GCIL,57,55,12,434.00,"5,208.00"
2026-03-09,1130,2026030905000111,GCIL,40,55,488,434.00,"211,792.00"
2026-03-09,1131,2026030905000110,GCIL,40,89,12,434.00,"5,208.00"
2026-03-09,1132,2026030904001313,GHL,59,100,"1,000",263.10,"263,100.00"
2026-03-09,1133,2026030904001125,GHL,95,4,"1,000",258.00,"258,000.00"
2026-03-09,1134,2026030904001310,GLH,51,48,670,286.00,"191,620.00"
2026-03-09,1135,2026030905000052,GVL,17,45,45,504.60,"22,707.00"
2026-03-09,1136,2026030905000051,GVL,17,43,43,504.60,"21,697.80"
2026-03-09,1137,2026030905000190,HATHY,48,53,175,937.30,"164,027.50"
2026-03-09,1138,2026030905000141,HATHY,48,48,50,937.00,"46,850.00"
2026-03-09,1139,2026030904001402,HDHPC,58,36,227,221.90,"50,371.30"
2026-03-09,1140,2026030904001346,HDHPC,58,38,500,222.00,"111,000.00"
2026-03-09,1141,2026030904001345,HDHPC,58,65,"1,000",221.00,"221,000.00"
2026-03-09,1142,2026030904001302,HDHPC,8,38,700,222.00,"155,400.00"
2026-03-09,1143,2026030904001272,HDHPC,41,38,100,222.00,"22,200.00"
2026-03-09,1144,2026030904001264,HDHPC,49,38,"1,600",222.00,"355,200.00"
2026-03-09,1145,2026030904001158,HDHPC,32,19,509,219.50,"111,725.50"
2026-03-09,1146,2026030904001146,HDHPC,57,19,100,219.50,"21,950.00"
2026-03-09,1147,2026030904001145,HDHPC,11,19,19,219.50,"4,170.50"
2026-03-09,1148,2026030904001144,HDHPC,45,19,172,219.50,"37,754.00"
2026-03-09,1149,2026030904001126,HDHPC,55,38,300,222.00,"66,600.00"
2026-03-09,1150,2026030904001122,HDHPC,58,38,400,222.00,"88,800.00"
2026-03-09,1151,2026030904001208,HDHPC,5,38,500,222.00,"111,000.00"
2026-03-09,1152,2026030904001192,HDHPC,54,38,370,222.00,"82,140.00"
2026-03-09,1153,2026030904001186,HDHPC,58,38,450,222.00,"99,900.00"
2026-03-09,1154,2026030904001179,HDHPC,39,38,500,222.00,"111,000.00"
2026-03-09,1155,2026030904001167,HDHPC,10,38,"1,000",222.00,"222,000.00"
2026-03-09,1156,2026030904001159,HDHPC,32,38,"1,491",222.00,"331,002.00"
2026-03-09,1157,2026030905000007,HDL,43,3,10,"1,181.90","11,819.00"
2026-03-09,1158,2026030905000006,HDL,43,34,10,"1,181.90","11,819.00"
2026-03-09,1159,2026030905000005,HDL,43,58,10,"1,181.90","11,819.00"
2026-03-09,1160,2026030904001240,HEI,35,37,50,534.00,"26,700.00"
2026-03-09,1161,2026030905000209,HHL,32,34,200,349.70,"69,940.00"
2026-03-09,1162,2026030905000068,HHL,32,58,100,349.70,"34,970.00"
2026-03-09,1163,2026030905000067,HHL,32,45,30,349.70,"10,491.00"
2026-03-09,1164,2026030905000208,HIDCL,52,52,25,271.70,"6,792.50"
2026-03-09,1165,2026030905000171,HIDCL,52,54,17,271.70,"4,618.90"
2026-03-09,1166,2026030905000169,HIDCL,52,54,13,271.70,"3,532.10"
2026-03-09,1167,2026030905000009,HIDCL,52,55,500,271.70,"135,850.00"
2026-03-09,1168,2026030904001271,HPPL,52,58,620,505.00,"313,100.00"
2026-03-09,1169,2026030904001270,HPPL,52,49,870,500.00,"435,000.00"
2026-03-09,1170,2026030904001223,HPPL,47,49,"1,000",500.00,"500,000.00"
2026-03-09,1171,2026030904001222,HPPL,87,49,500,500.00,"250,000.00"
2026-03-09,1172,2026030904001197,HPPL,41,49,500,500.00,"250,000.00"
2026-03-09,1173,2026030904001151,HPPL,25,49,500,500.00,"250,000.00"
2026-03-09,1174,2026030904001150,HPPL,57,49,250,500.00,"125,000.00"
2026-03-09,1175,2026030904001149,HPPL,40,49,30,500.00,"15,000.00"
2026-03-09,1176,2026030904001148,HPPL,29,49,350,500.00,"175,000.00"
2026-03-09,1177,2026030905000155,HRL,26,45,20,876.00,"17,520.00"
2026-03-09,1178,2026030905000154,HRL,26,34,10,876.00,"8,760.00"
2026-03-09,1179,2026030905000153,HRL,26,45,7,876.00,"6,132.00"
2026-03-09,1180,2026030905000152,HRL,48,45,50,876.00,"43,800.00"
2026-03-09,1181,2026030905000151,HRL,58,45,10,876.00,"8,760.00"
2026-03-09,1182,2026030904001318,HURJA,26,58,250,282.50,"70,625.00"
2026-03-09,1183,2026030904001317,HURJA,13,58,100,285.00,"28,500.00"
2026-03-09,1184,2026030904001316,HURJA,58,58,10,287.00,"2,870.00"
2026-03-09,1185,2026030904001315,HURJA,14,58,500,287.00,"143,500.00"
2026-03-09,1186,2026030904001314,HURJA,39,58,140,287.60,"40,264.00"
2026-03-09,1187,2026030904001273,HURJA,34,95,10,291.00,"2,910.00"
2026-03-09,1188,2026030904001235,HURJA,39,46,260,287.60,"74,776.00"
2026-03-09,1189,2026030904001234,HURJA,74,46,40,287.60,"11,504.00"
2026-03-09,1190,2026030904001209,HURJA,21,95,200,291.00,"58,200.00"
2026-03-09,1191,2026030904001201,HURJA,38,48,"1,000",292.00,"292,000.00"
2026-03-09,1192,2026030904001369,IGI,10,91,10,470.00,"4,700.00"
2026-03-09,1193,2026030905000210,ILI,68,43,609,455.90,"277,643.10"
2026-03-09,1194,2026030905000167,ILI,68,29,43,455.90,"19,603.70"
2026-03-09,1195,2026030905000105,ILI,68,89,12,447.00,"5,364.00"
2026-03-09,1196,2026030904001255,JBLB,71,49,10,"1,419.00","14,190.00"
2026-03-09,1197,2026030904001347,JOSHI,58,60,50,322.00,"16,100.00"
2026-03-09,1198,2026030904001335,JOSHI,36,62,500,320.00,"160,000.00"
2026-03-09,1199,2026030905000114,KBSH,41,58,10,"1,717.60","17,176.00"
2026-03-09,1200,2026030904001344,KKHC,7,49,65,321.00,"20,865.00"
2026-03-09,1201,2026030904001333,KKHC,42,44,465,322.00,"149,730.00"
2026-03-09,1202,2026030904001332,KKHC,42,50,535,317.00,"169,595.00"
2026-03-09,1203,2026030904001308,KKHC,45,50,100,317.00,"31,700.00"
2026-03-09,1204,2026030904001219,KKHC,45,1,800,307.00,"245,600.00"
2026-03-09,1205,2026030904001218,KKHC,34,1,200,308.00,"61,600.00"
2026-03-09,1206,2026030904001217,KKHC,49,50,35,317.00,"11,095.00"
2026-03-09,1207,2026030904001216,KKHC,58,50,830,317.00,"263,110.00"
2026-03-09,1208,2026030904001245,KPCL,58,22,20,564.00,"11,280.00"
2026-03-09,1209,2026030904001202,KPCL,58,22,50,564.40,"28,220.00"
2026-03-09,1210,2026030904001141,KPCL,58,57,10,564.40,"5,644.00"
2026-03-09,1211,2026030904001140,KPCL,58,58,10,564.00,"5,640.00"
2026-03-09,1212,2026030904001371,KPCL,57,22,10,564.00,"5,640.00"
2026-03-09,1213,2026030904001386,LEC,1,51,14,243.00,"3,402.00"
2026-03-09,1214,2026030904001309,LEC,25,57,10,240.00,"2,400.00"
2026-03-09,1215,2026030904001268,LEC,5,51,500,243.00,"121,500.00"
2026-03-09,1216,2026030904001131,LEC,95,20,160,243.70,"38,992.00"
2026-03-09,1217,2026030904001130,LEC,95,89,340,242.00,"82,280.00"
2026-03-09,1218,2026030905000097,MAKAR,49,14,10,552.80,"5,528.00"
2026-03-09,1219,2026030905000140,MANDU,34,41,150,832.00,"124,800.00"
2026-03-09,1220,2026030905000050,MBJC,43,29,10,300.20,"3,002.00"
2026-03-09,1221,2026030905000049,MBJC,43,18,50,300.20,"15,010.00"
2026-03-09,1222,2026030905000048,MBJC,43,41,34,300.20,"10,206.80"
2026-03-09,1223,2026030905000047,MBJC,43,55,500,300.20,"150,100.00"
2026-03-09,1224,2026030905000046,MBJC,43,36,220,300.20,"66,044.00"
2026-03-09,1225,2026030905000045,MBJC,45,36,"1,000",300.20,"300,200.00"
2026-03-09,1226,2026030905000100,MCHL,66,36,10,429.90,"4,299.00"
2026-03-09,1227,2026030905000099,MCHL,66,74,10,429.90,"4,299.00"
2026-03-09,1228,2026030905000103,MEL,51,48,260,295.60,"76,856.00"
2026-03-09,1229,2026030905000102,MEL,57,48,40,295.60,"11,824.00"
2026-03-09,1230,2026030905000101,MEL,57,34,10,295.60,"2,956.00"
2026-03-09,1231,2026030904001277,MEN,28,1,10,648.10,"6,481.00"
2026-03-09,1232,2026030905000096,MHCL,63,6,70,368.00,"25,760.00"
2026-03-09,1233,2026030905000095,MHCL,40,6,30,368.00,"11,040.00"
2026-03-09,1234,2026030905000073,MHL,74,101,10,536.10,"5,361.00"
2026-03-09,1235,2026030905000072,MHL,87,101,90,536.10,"48,249.00"
2026-03-09,1236,2026030905000071,MHL,87,89,10,536.10,"5,361.00"
2026-03-09,1237,2026030904001230,MHNL,22,49,10,277.50,"2,775.00"
2026-03-09,1238,2026030905000090,MKHC,51,13,970,339.60,"329,412.00"
2026-03-09,1239,2026030905000089,MKHC,25,13,30,339.60,"10,188.00"
2026-03-09,1240,2026030905000088,MKHC,25,55,270,339.60,"91,692.00"
2026-03-09,1241,2026030905000098,MKHL,92,34,10,816.00,"8,160.00"
2026-03-09,1242,2026030905000207,MKJC,48,80,200,548.70,"109,740.00"
2026-03-09,1243,2026030905000204,MKJC,48,80,500,548.70,"274,350.00"
2026-03-09,1244,2026030905000031,MKJC,48,48,10,548.70,"5,487.00"
2026-03-09,1245,2026030905000164,MMKJL,33,58,333,590.50,"196,636.50"
2026-03-09,1246,2026030904001338,NGPL,18,60,460,455.00,"209,300.00"
2026-03-09,1247,2026030904001269,NGPL,29,84,400,458.00,"183,200.00"
2026-03-09,1248,2026030904001242,NGPL,58,84,800,458.00,"366,400.00"
2026-03-09,1249,2026030904001238,NGPL,83,84,200,458.00,"91,600.00"
2026-03-09,1250,2026030904001237,NGPL,16,84,"1,000",458.00,"458,000.00"
2026-03-09,1251,2026030904001236,NGPL,34,84,"2,020",458.00,"925,160.00"
2026-03-09,1252,2026030904001162,NGPL,35,34,50,460.00,"23,000.00"
2026-03-09,1253,2026030904001311,NHPC,57,17,"2,000",241.00,"482,000.00"
2026-03-09,1254,2026030904001303,NHPC,36,85,100,244.10,"24,410.00"
2026-03-09,1255,2026030904001300,NHPC,57,58,300,241.00,"72,300.00"
2026-03-09,1256,2026030905000059,NICFC,40,35,100,9.81,981.00
2026-03-09,1257,2026030905000058,NICFC,40,35,100,9.81,981.00
2026-03-09,1258,2026030904001325,NICL,46,35,10,532.50,"5,325.00"
2026-03-09,1259,2026030905000170,NIFRA,35,54,14,273.10,"3,823.40"
2026-03-09,1260,2026030905000166,NIFRA,35,54,14,273.10,"3,823.40"
2026-03-09,1261,2026030905000027,NIFRA,35,55,395,273.10,"107,874.50"
2026-03-09,1262,2026030905000026,NIFRA,39,55,105,273.10,"28,675.50"
2026-03-09,1263,2026030905000025,NIFRA,39,58,895,273.10,"244,424.50"
2026-03-09,1264,2026030905000024,NIFRA,58,58,200,273.10,"54,620.00"
2026-03-09,1265,2026030905000023,NIFRA,58,58,100,273.10,"27,310.00"
2026-03-09,1266,2026030905000022,NIFRA,58,39,200,273.10,"54,620.00"
2026-03-09,1267,2026030904001295,NLG,7,64,10,707.40,"7,074.00"
2026-03-09,1268,2026030904001133,NLG,7,29,10,707.40,"7,074.00"
2026-03-09,1269,2026030904001123,NLG,7,58,10,707.40,"7,074.00"
2026-03-09,1270,2026030905000019,NRIC,41,62,10,"1,275.00","12,750.00"
2026-03-09,1271,2026030905000018,NRIC,41,45,66,"1,275.00","84,150.00"
2026-03-09,1272,2026030905000017,NRIC,48,45,9,"1,275.00","11,475.00"
2026-03-09,1273,2026030905000016,NRIC,48,45,35,"1,275.00","44,625.00"
2026-03-09,1274,2026030905000015,NRIC,48,45,6,"1,275.00","7,650.00"
2026-03-09,1275,2026030905000014,NRIC,58,45,39,"1,275.00","49,725.00"
2026-03-09,1276,2026030905000104,NRM,48,34,10,436.00,"4,360.00"
2026-03-09,1277,2026030905000021,NRN,72,58,40,"1,583.00","63,320.00"
2026-03-09,1278,2026030905000020,NRN,72,62,10,"1,583.00","15,830.00"
2026-03-09,1279,2026030905000212,NTC,14,52,10,889.40,"8,894.00"
2026-03-09,1280,2026030905000191,NTC,14,38,100,889.40,"88,940.00"
2026-03-09,1281,2026030905000008,NTC,14,59,100,889.40,"88,940.00"
2026-03-09,1282,2026030905000044,NYADI,58,1,65,405.00,"26,325.00"
2026-03-09,1283,2026030904001136,OHL,62,55,10,743.80,"7,438.00"
2026-03-09,1284,2026030905000078,PHCL,58,34,10,304.00,"3,040.00"
2026-03-09,1285,2026030904001348,PMHPL,14,48,200,399.90,"79,980.00"
2026-03-09,1286,2026030904001261,PMHPL,53,44,100,400.00,"40,000.00"
2026-03-09,1287,2026030904001257,PMHPL,47,44,"1,200",400.00,"480,000.00"
2026-03-09,1288,2026030904001249,PMHPL,47,44,"1,365",400.00,"546,000.00"
2026-03-09,1289,2026030904001248,PMHPL,47,65,"2,990",400.00,"1,196,000.00"
2026-03-09,1290,2026030904001247,PMHPL,47,8,500,400.00,"200,000.00"
2026-03-09,1291,2026030904001246,PMHPL,47,57,145,400.00,"58,000.00"
2026-03-09,1292,2026030904001172,PMHPL,39,57,100,400.00,"40,000.00"
2026-03-09,1293,2026030904001341,PPCL,20,3,50,403.90,"20,195.00"
2026-03-09,1294,2026030905000076,PPL,19,49,10,399.80,"3,998.00"
2026-03-09,1295,2026030904001337,RADHI,48,44,30,920.00,"27,600.00"
2026-03-09,1296,2026030904001330,RADHI,34,5,"2,423",912.00,"2,209,776.00"
2026-03-09,1297,2026030904001253,RADHI,50,50,650,924.00,"600,600.00"
2026-03-09,1298,2026030904001250,RADHI,50,53,350,924.00,"323,400.00"
2026-03-09,1299,2026030905000055,RFPL,57,8,10,408.00,"4,080.00"
2026-03-09,1300,2026030905000054,RFPL,57,81,10,408.00,"4,080.00"
2026-03-09,1301,2026030905000075,RHGCL,58,41,100,291.70,"29,170.00"
2026-03-09,1302,2026030905000074,RHGCL,58,13,50,291.70,"14,585.00"
2026-03-09,1303,2026030904001319,RHPL,49,58,20,316.00,"6,320.00"
2026-03-09,1304,2026030904001210,RHPL,87,26,200,318.00,"63,600.00"
2026-03-09,1305,2026030904001135,RHPL,48,48,423,320.00,"135,360.00"
2026-03-09,1306,2026030904001134,RHPL,48,48,177,318.00,"56,286.00"
2026-03-09,1307,2026030904001401,RIDI,58,58,130,342.00,"44,460.00"
2026-03-09,1308,2026030904001394,RIDI,65,58,900,342.00,"307,800.00"
2026-03-09,1309,2026030904001393,RIDI,65,40,100,339.90,"33,990.00"
2026-03-09,1310,2026030904001160,RIDI,14,82,600,340.00,"204,000.00"
2026-03-09,1311,2026030904001153,RIDI,35,82,29,340.00,"9,860.00"
2026-03-09,1312,2026030904001143,RIDI,77,82,"1,460",340.00,"496,400.00"
2026-03-09,1313,2026030904001127,RIDI,35,82,730,340.00,"248,200.00"
2026-03-09,1314,2026030904001124,RIDI,58,82,115,340.00,"39,100.00"
2026-03-09,1315,2026030904001220,RIDI,29,82,"1,000",340.00,"340,000.00"
2026-03-09,1316,2026030904001211,RIDI,37,82,"1,000",340.00,"340,000.00"
2026-03-09,1317,2026030904001207,RIDI,55,82,300,340.00,"102,000.00"
2026-03-09,1318,2026030904001342,RIDI,16,82,300,340.00,"102,000.00"
2026-03-09,1319,2026030904001282,RIDI,50,82,50,340.00,"17,000.00"
2026-03-09,1320,2026030904001267,RIDI,40,82,200,340.00,"68,000.00"
2026-03-09,1321,2026030904001263,RIDI,48,82,"1,000",340.00,"340,000.00"
2026-03-09,1322,2026030904001243,RIDI,58,82,30,340.00,"10,200.00"
2026-03-09,1323,2026030904001390,RIDI,17,58,124,342.00,"42,408.00"
2026-03-09,1324,2026030904001389,RIDI,17,48,490,342.00,"167,580.00"
2026-03-09,1325,2026030904001388,RIDI,17,43,200,340.00,"68,000.00"
2026-03-09,1326,2026030904001387,RIDI,17,82,186,340.00,"63,240.00"
2026-03-09,1327,2026030904001370,RIDI,41,82,"1,000",340.00,"340,000.00"
2026-03-09,1328,2026030904001368,RIDI,29,82,"1,000",340.00,"340,000.00"
2026-03-09,1329,2026030905000030,RMF1,40,55,100,9.77,977.00
2026-03-09,1330,2026030905000173,RNLI,22,19,200,490.60,"98,120.00"
2026-03-09,1331,2026030905000136,RNLI,22,25,10,490.60,"4,906.00"
2026-03-09,1332,2026030905000135,RNLI,57,25,35,490.60,"17,171.00"
2026-03-09,1333,2026030905000134,RNLI,35,25,10,490.60,"4,906.00"
2026-03-09,1334,2026030905000133,RNLI,74,25,200,490.60,"98,120.00"
2026-03-09,1335,2026030905000120,RNLI,17,25,10,490.60,"4,906.00"
2026-03-09,1336,2026030905000119,RNLI,62,25,190,490.60,"93,214.00"
2026-03-09,1337,2026030905000118,RNLI,62,25,200,490.60,"98,120.00"
2026-03-09,1338,2026030905000117,RNLI,62,25,110,490.60,"53,966.00"
2026-03-09,1339,2026030905000116,RNLI,67,25,90,490.60,"44,154.00"
2026-03-09,1340,2026030905000115,RNLI,67,58,10,490.60,"4,906.00"
2026-03-09,1341,2026030905000126,RNLI,26,25,10,490.60,"4,906.00"
2026-03-09,1342,2026030905000125,RNLI,41,25,30,490.60,"14,718.00"
2026-03-09,1343,2026030905000124,RNLI,17,25,90,490.60,"44,154.00"
2026-03-09,1344,2026030905000123,RNLI,17,25,300,490.60,"147,180.00"
2026-03-09,1345,2026030905000122,RNLI,17,25,300,490.60,"147,180.00"
2026-03-09,1346,2026030905000121,RNLI,17,25,300,490.60,"147,180.00"
2026-03-09,1347,2026030905000132,RNLI,6,25,45,490.60,"22,077.00"
2026-03-09,1348,2026030905000131,RNLI,6,25,205,490.60,"100,573.00"
2026-03-09,1349,2026030905000130,RNLI,58,25,10,490.60,"4,906.00"
2026-03-09,1350,2026030905000129,RNLI,26,25,85,490.60,"41,701.00"
2026-03-09,1351,2026030905000128,RNLI,26,25,300,490.60,"147,180.00"
2026-03-09,1352,2026030905000127,RNLI,26,25,170,490.60,"83,402.00"
2026-03-09,1353,2026030904001340,RURU,91,8,41,709.50,"29,089.50"
2026-03-09,1354,2026030905000041,SAHAS,58,42,100,600.70,"60,070.00"
2026-03-09,1355,2026030905000040,SAHAS,58,39,100,600.70,"60,070.00"
2026-03-09,1356,2026030905000039,SAHAS,52,16,50,600.70,"30,035.00"
2026-03-09,1357,2026030905000038,SAHAS,35,28,200,600.70,"120,140.00"
2026-03-09,1358,2026030905000037,SAHAS,49,28,50,600.70,"30,035.00"
2026-03-09,1359,2026030905000036,SAHAS,17,28,100,600.70,"60,070.00"
2026-03-09,1360,2026030905000035,SAHAS,17,28,350,600.70,"210,245.00"
2026-03-09,1361,2026030905000034,SAHAS,17,28,150,600.70,"90,105.00"
2026-03-09,1362,2026030905000033,SAHAS,58,28,450,600.70,"270,315.00"
2026-03-09,1363,2026030905000032,SAHAS,38,28,200,600.70,"120,140.00"
2026-03-09,1364,2026030904001326,SALICO,41,29,10,624.20,"6,242.00"
2026-03-09,1365,2026030905000161,SANVI,54,33,10,855.70,"8,557.00"
2026-03-09,1366,2026030905000160,SANVI,45,33,500,855.70,"427,850.00"
2026-03-09,1367,2026030905000159,SANVI,1,33,300,855.70,"256,710.00"
2026-03-09,1368,2026030905000158,SANVI,45,33,100,855.70,"85,570.00"
2026-03-09,1369,2026030905000157,SANVI,35,33,90,855.70,"77,013.00"
2026-03-09,1370,2026030905000156,SANVI,35,83,10,855.70,"8,557.00"
2026-03-09,1371,2026030905000070,SGHC,52,89,10,400.50,"4,005.00"
2026-03-09,1372,2026030904001265,SGIC,58,16,100,508.00,"50,800.00"
2026-03-09,1373,2026030904001329,SHEL,53,6,100,330.00,"33,000.00"
2026-03-09,1374,2026030904001307,SHEL,53,16,70,330.00,"23,100.00"
2026-03-09,1375,2026030904001305,SHEL,41,16,100,330.00,"33,000.00"
2026-03-09,1376,2026030904001292,SHEL,11,16,800,330.00,"264,000.00"
2026-03-09,1377,2026030904001290,SHEL,14,16,30,330.00,"9,900.00"
2026-03-09,1378,2026030904001289,SHEL,14,45,200,330.00,"66,000.00"
2026-03-09,1379,2026030904001120,SHEL,57,14,100,327.50,"32,750.00"
2026-03-09,1380,2026030904001288,SHEL,14,51,70,330.00,"23,100.00"
2026-03-09,1381,2026030904001274,SHEL,68,62,200,327.60,"65,520.00"
2026-03-09,1382,2026030904001241,SHEL,1,51,600,330.00,"198,000.00"
2026-03-09,1383,2026030904001194,SHEL,48,51,200,330.00,"66,000.00"
2026-03-09,1384,2026030904001191,SHEL,54,51,300,330.00,"99,000.00"
2026-03-09,1385,2026030904001121,SHEL,57,51,200,330.00,"66,000.00"
2026-03-09,1386,2026030905000189,SHIVM,36,34,379,644.60,"244,303.40"
2026-03-09,1387,2026030905000188,SHIVM,35,34,300,644.60,"193,380.00"
2026-03-09,1388,2026030905000187,SHIVM,21,34,50,644.60,"32,230.00"
2026-03-09,1389,2026030905000186,SHIVM,39,34,600,644.60,"386,760.00"
2026-03-09,1390,2026030905000185,SHIVM,17,34,500,644.60,"322,300.00"
2026-03-09,1391,2026030905000184,SHIVM,39,34,13,644.60,"8,379.80"
2026-03-09,1392,2026030905000177,SHIVM,57,34,51,644.60,"32,874.60"
2026-03-09,1393,2026030905000176,SHIVM,21,34,77,644.60,"49,634.20"
2026-03-09,1394,2026030905000175,SHIVM,100,34,"1,000",644.60,"644,600.00"
2026-03-09,1395,2026030905000174,SHIVM,58,34,90,644.60,"58,014.00"
2026-03-09,1396,2026030905000013,SHIVM,58,26,100,644.60,"64,460.00"
2026-03-09,1397,2026030905000012,SHIVM,58,101,100,644.60,"64,460.00"
2026-03-09,1398,2026030905000183,SHIVM,17,34,500,644.60,"322,300.00"
2026-03-09,1399,2026030905000182,SHIVM,43,34,400,644.60,"257,840.00"
2026-03-09,1400,2026030905000181,SHIVM,41,34,500,644.60,"322,300.00"
2026-03-09,1401,2026030905000180,SHIVM,19,34,500,644.60,"322,300.00"
2026-03-09,1402,2026030905000179,SHIVM,48,34,20,644.60,"12,892.00"
2026-03-09,1403,2026030905000178,SHIVM,39,34,20,644.60,"12,892.00"
2026-03-09,1404,2026030904001283,SHL,17,51,100,530.00,"53,000.00"
2026-03-09,1405,2026030904001180,SHL,40,7,100,528.00,"52,800.00"
2026-03-09,1406,2026030904001137,SHLB,4,74,10,"1,637.10","16,371.00"
2026-03-09,1407,2026030904001357,SHPC,4,99,50,579.00,"28,950.00"
2026-03-09,1408,2026030904001213,SHPC,91,99,10,579.00,"5,790.00"
2026-03-09,1409,2026030904001206,SHPC,52,57,291,568.00,"165,288.00"
2026-03-09,1410,2026030904001117,SICL,59,6,10,664.70,"6,647.00"
2026-03-09,1411,2026030905000077,SIKLES,39,62,10,628.30,"6,283.00"
2026-03-09,1412,2026030905000011,SMATA,26,55,130,815.00,"105,950.00"
2026-03-09,1413,2026030905000010,SMATA,42,55,70,815.00,"57,050.00"
2026-03-09,1414,2026030905000087,SMH,65,50,100,647.00,"64,700.00"
2026-03-09,1415,2026030905000085,SMHL,6,56,10,477.80,"4,778.00"
2026-03-09,1416,2026030905000084,SMHL,6,44,100,477.80,"47,780.00"
2026-03-09,1417,2026030905000083,SMHL,6,58,318,477.80,"151,940.40"
2026-03-09,1418,2026030905000082,SMHL,6,44,50,477.80,"23,890.00"
2026-03-09,1419,2026030905000081,SMHL,34,44,50,477.80,"23,890.00"
2026-03-09,1420,2026030905000145,SONA,62,59,10,444.70,"4,447.00"
2026-03-09,1421,2026030905000144,SONA,62,55,290,444.70,"128,963.00"
2026-03-09,1422,2026030905000143,SONA,58,55,110,444.70,"48,917.00"
2026-03-09,1423,2026030905000043,SPC,17,41,50,510.50,"25,525.00"
2026-03-09,1424,2026030905000042,SPC,17,43,57,510.50,"29,098.50"
2026-03-09,1425,2026030904001367,SPDL,53,16,300,430.00,"129,000.00"
2026-03-09,1426,2026030904001328,SPDL,67,16,10,430.00,"4,300.00"
2026-03-09,1427,2026030904001260,SPDL,34,16,10,430.00,"4,300.00"
2026-03-09,1428,2026030905000086,SPL,58,96,10,721.00,"7,210.00"
2026-03-09,1429,2026030904001251,SSHL,59,44,200,213.40,"42,680.00"
2026-03-09,1430,2026030904001178,SSHL,13,63,529,210.00,"111,090.00"
2026-03-09,1431,2026030904001177,SSHL,58,63,200,210.00,"42,000.00"
2026-03-09,1432,2026030904001176,SSHL,58,63,571,210.00,"119,910.00"
2026-03-09,1433,2026030904001175,SSHL,46,63,300,210.10,"63,030.00"
2026-03-09,1434,2026030904001174,SSHL,74,63,100,213.00,"21,300.00"
2026-03-09,1435,2026030904001173,SSHL,1,63,300,213.40,"64,020.00"
2026-03-09,1436,2026030904001169,SSHL,1,11,700,213.40,"149,380.00"
2026-03-09,1437,2026030904001168,SSHL,53,11,100,213.40,"21,340.00"
2026-03-09,1438,2026030905000203,STC,81,39,10,"6,211.70","62,117.00"
2026-03-09,1439,2026030905000202,STC,41,39,10,"6,211.80","62,118.00"
2026-03-09,1440,2026030905000201,STC,42,39,3,"6,211.80","18,635.40"
2026-03-09,1441,2026030905000001,STC,42,45,10,"6,211.80","62,118.00"
2026-03-09,1442,2026030905000094,TAMOR,39,59,150,437.50,"65,625.00"
2026-03-09,1443,2026030905000093,TAMOR,39,43,52,437.50,"22,750.00"
2026-03-09,1444,2026030905000092,TAMOR,41,43,10,437.50,"4,375.00"
2026-03-09,1445,2026030905000091,TAMOR,41,89,10,437.50,"4,375.00"
2026-03-09,1446,2026030905000147,TVCL,57,60,10,663.00,"6,630.00"
2026-03-09,1447,2026030905000146,TVCL,57,34,10,663.00,"6,630.00"
2026-03-09,1448,2026030904001254,UAIL,50,38,10,474.00,"4,740.00"
2026-03-09,1449,2026030904001227,UAIL,50,32,210,474.00,"99,540.00"
2026-03-09,1450,2026030904001226,UAIL,50,32,790,483.00,"381,570.00"
2026-03-09,1451,2026030904001203,UAIL,50,26,10,483.00,"4,830.00"
2026-03-09,1452,2026030904001193,UAIL,50,49,200,483.00,"96,600.00"
2026-03-09,1453,2026030905000069,UHEWA,42,45,20,581.40,"11,628.00"
2026-03-09,1454,2026030904001171,ULBSL,74,7,10,"3,400.00","34,000.00"
2026-03-09,1455,2026030904001170,ULBSL,74,26,30,"3,334.40","100,032.00"
2026-03-09,1456,2026030905000139,ULHC,40,42,200,576.00,"115,200.00"
2026-03-09,1457,2026030905000138,ULHC,40,42,50,576.00,"28,800.00"
2026-03-09,1458,2026030905000137,ULHC,19,42,50,576.00,"28,800.00"
2026-03-09,1459,2026030904001324,UMHL,4,28,370,669.00,"247,530.00"
2026-03-09,1460,2026030904001323,UMHL,74,28,60,669.00,"40,140.00"
2026-03-09,1461,2026030904001157,UMHL,35,58,50,675.00,"33,750.00"
2026-03-09,1462,2026030904001154,UMHL,6,58,50,675.00,"33,750.00"
2026-03-09,1463,2026030904001372,UNHPL,51,80,100,525.00,"52,500.00"
2026-03-09,1464,2026030904001189,UNHPL,75,80,80,526.00,"42,080.00"
2026-03-09,1465,2026030904001188,UNHPL,44,80,500,527.00,"263,500.00"
2026-03-09,1466,2026030904001399,UPCL,18,93,395,414.80,"163,846.00"
2026-03-09,1467,2026030904001392,UPCL,48,93,500,414.80,"207,400.00"
2026-03-09,1468,2026030904001327,UPCL,3,93,22,414.80,"9,125.60"
2026-03-09,1469,2026030904001298,UPCL,49,93,10,414.80,"4,148.00"
2026-03-09,1470,2026030904001297,UPCL,49,67,500,414.00,"207,000.00"
2026-03-09,1471,2026030904001296,UPCL,49,59,90,413.00,"37,170.00"
2026-03-09,1472,2026030904001233,UPCL,91,93,440,414.80,"182,512.00"
2026-03-09,1473,2026030904001232,UPCL,91,38,160,414.70,"66,352.00"
2026-03-09,1474,2026030904001231,UPCL,91,72,400,414.00,"165,600.00"
2026-03-09,1475,2026030904001221,UPCL,34,72,100,414.00,"41,400.00"
2026-03-09,1476,2026030904001400,UPPER,58,78,300,208.60,"62,580.00"
2026-03-09,1477,2026030904001384,UPPER,58,78,80,208.60,"16,688.00"
2026-03-09,1478,2026030904001383,UPPER,49,78,100,208.60,"20,860.00"
2026-03-09,1479,2026030904001382,UPPER,48,78,500,208.60,"104,300.00"
2026-03-09,1480,2026030904001381,UPPER,13,78,100,208.60,"20,860.00"
2026-03-09,1481,2026030904001380,UPPER,11,78,750,208.60,"156,450.00"
2026-03-09,1482,2026030904001138,UPPER,52,41,20,208.60,"4,172.00"
2026-03-09,1483,2026030904001129,UPPER,52,48,200,208.60,"41,720.00"
2026-03-09,1484,2026030904001278,UPPER,52,45,"1,180",208.60,"246,148.00"
2026-03-09,1485,2026030904001275,UPPER,52,35,500,208.60,"104,300.00"
2026-03-09,1486,2026030904001373,UPPER,58,78,36,208.60,"7,509.60"
2026-03-09,1487,2026030904001320,UPPER,58,58,120,208.60,"25,032.00"
2026-03-09,1488,2026030904001280,UPPER,58,45,620,208.60,"129,332.00"
2026-03-09,1489,2026030904001279,UPPER,32,45,500,208.60,"104,300.00"
2026-03-09,1490,2026030904001379,UPPER,6,78,300,208.60,"62,580.00"
2026-03-09,1491,2026030904001378,UPPER,33,78,200,208.60,"41,720.00"
2026-03-09,1492,2026030904001377,UPPER,62,78,150,208.60,"31,290.00"
2026-03-09,1493,2026030904001376,UPPER,48,78,200,208.60,"41,720.00"
2026-03-09,1494,2026030904001375,UPPER,51,78,"1,110",208.60,"231,546.00"
2026-03-09,1495,2026030904001374,UPPER,10,78,60,208.60,"12,516.00"
2026-03-09,1496,2026030905000109,USHL,59,41,10,744.30,"7,443.00"
2026-03-09,1497,2026030905000108,USHL,59,41,10,744.30,"7,443.00"
2026-03-09,1498,2026030905000107,USHL,59,41,10,744.30,"7,443.00"
2026-03-09,1499,2026030905000106,USHL,59,41,10,744.30,"7,443.00"
2026-03-09,1500,2026030905000148,VLUCL,59,41,20,579.00,"11,580.00"
2026-03-09,1501,2026030904001106,AHPC,4,44,30,316.00,"9,480.00"
2026-03-09,1502,2026030904001087,AHPC,35,44,100,316.00,"31,600.00"
2026-03-09,1503,2026030904001086,AHPC,35,94,200,311.00,"62,200.00"
2026-03-09,1504,2026030904001063,AHPC,49,44,80,316.00,"25,280.00"
2026-03-09,1505,2026030904001062,AHPC,49,101,920,315.90,"290,628.00"
