date,sn,contract_no,stock_symbol,buyer,seller,quantity,rate,amount
2026-02-24,1,2026022405014404,AHL,83,34,200,508.00,"101,600.00"
2026-02-24,2,2026022405014403,AHL,83,34,250,508.00,"127,000.00"
2026-02-24,3,2026022405014155,BGWT,70,42,30,745.00,"22,350.00"
2026-02-24,4,2026022405014154,BGWT,49,42,130,745.00,"96,850.00"
2026-02-24,5,2026022405014153,BGWT,33,42,30,745.10,"22,353.00"
2026-02-24,6,2026022405014152,BGWT,85,42,50,746.10,"37,305.00"
2026-02-24,7,2026022405014151,BGWT,91,42,360,746.20,"268,632.00"
2026-02-24,8,2026022405014323,BHL,57,48,161,197.20,"31,749.20"
2026-02-24,9,2026022405014322,BHL,35,48,339,197.50,"66,952.50"
2026-02-24,10,2026022405014313,BHL,35,14,200,197.50,"39,500.00"
2026-02-24,11,2026022405014312,BHL,35,50,91,197.50,"17,972.50"
2026-02-24,12,2026022405014311,BHL,35,58,20,197.40,"3,948.00"
2026-02-24,13,2026022405014310,BHL,35,16,350,197.30,"69,055.00"
2026-02-24,14,2026022405013952,BHL,57,41,100,197.10,"19,710.00"
2026-02-24,15,2026022405014285,BHL,38,16,500,197.30,"98,650.00"
2026-02-24,16,2026022405014215,BHL,57,14,475,197.20,"93,670.00"
2026-02-24,17,2026022405014083,BHL,52,14,50,197.20,"9,860.00"
2026-02-24,18,2026022405014053,BHL,63,42,10,197.30,"1,973.00"
2026-02-24,19,2026022405014050,BHL,21,50,27,197.50,"5,332.50"
2026-02-24,20,2026022405013979,BHL,63,54,20,197.30,"3,946.00"
2026-02-24,21,2026022405014171,BHPL,38,74,10,557.90,"5,579.00"
2026-02-24,22,2026022405014065,BHPL,42,34,200,557.90,"111,580.00"
2026-02-24,23,2026022405013994,BHPL,38,6,100,558.90,"55,890.00"
2026-02-24,24,2026022405013968,BHPL,34,6,10,558.90,"5,589.00"
2026-02-24,25,2026022405013967,BHPL,34,59,38,558.00,"21,204.00"
2026-02-24,26,2026022405014221,BNHC,54,42,44,339.00,"14,916.00"
2026-02-24,27,2026022405014220,BNHC,58,42,10,339.00,"3,390.00"
2026-02-24,28,2026022405014219,BNHC,49,42,40,339.00,"13,560.00"
2026-02-24,29,2026022405014062,BNHC,58,50,50,340.00,"17,000.00"
2026-02-24,30,2026022405014055,BNHC,49,58,10,339.00,"3,390.00"
2026-02-24,31,2026022405013931,BNHC,84,50,30,340.00,"10,200.00"
2026-02-24,32,2026022405014402,CHDC,25,35,100,"2,531.10","253,110.00"
2026-02-24,33,2026022405014401,CHDC,43,35,20,"2,531.20","50,624.00"
2026-02-24,34,2026022405014400,CHDC,29,35,70,"2,531.20","177,184.00"
2026-02-24,35,2026022405014399,CHDC,7,35,42,"2,531.50","106,323.00"
2026-02-24,36,2026022405014398,CHDC,60,35,10,"2,531.60","25,316.00"
2026-02-24,37,2026022405014359,CHDC,100,66,10,"2,540.00","25,400.00"
2026-02-24,38,2026022405014187,CHDC,7,38,50,"2,531.50","126,575.00"
2026-02-24,39,2026022405014186,CHDC,100,38,50,"2,538.00","126,900.00"
2026-02-24,40,2026022405014170,CHDC,100,45,100,"2,538.00","253,800.00"
2026-02-24,41,2026022405014169,CHDC,100,57,50,"2,537.90","126,895.00"
2026-02-24,42,2026022405014122,CHDC,60,57,50,"2,537.90","126,895.00"
2026-02-24,43,2026022405014118,CHDC,7,38,100,"2,531.50","253,150.00"
2026-02-24,44,2026022405014358,CHDC,100,56,70,"2,539.00","177,730.00"
2026-02-24,45,2026022405014357,CHDC,100,38,20,"2,535.00","50,700.00"
2026-02-24,46,2026022405014287,CHDC,45,56,10,"2,539.00","25,390.00"
2026-02-24,47,2026022405014279,CHDC,60,56,10,"2,539.00","25,390.00"
2026-02-24,48,2026022405014236,CHDC,57,66,10,"2,540.00","25,400.00"
2026-02-24,49,2026022405014217,CHDC,55,66,10,"2,540.00","25,400.00"
2026-02-24,50,2026022405014332,CLI,77,21,500,462.00,"231,000.00"
2026-02-24,51,2026022405014291,CLI,29,21,25,462.00,"11,550.00"
2026-02-24,52,2026022405014161,CLI,77,21,464,462.00,"214,368.00"
2026-02-24,53,2026022405014160,CLI,77,21,100,462.00,"46,200.00"
2026-02-24,54,2026022405014159,CLI,77,21,13,462.00,"6,006.00"
2026-02-24,55,2026022405014158,CLI,77,42,200,461.00,"92,200.00"
2026-02-24,56,2026022405014157,CLI,77,58,200,461.00,"92,200.00"
2026-02-24,57,2026022405014156,CLI,77,33,13,460.00,"5,980.00"
2026-02-24,58,2026022405013929,DOLTI,29,25,100,505.10,"50,510.00"
2026-02-24,59,2026022405014408,DORDI,32,91,10,275.50,"2,755.00"
2026-02-24,60,2026022405014250,DORDI,55,91,10,275.50,"2,755.00"
2026-02-24,61,2026022405014244,DORDI,38,26,11,275.00,"3,025.00"
2026-02-24,62,2026022405014229,DORDI,7,26,189,275.00,"51,975.00"
2026-02-24,63,2026022405014228,DORDI,7,26,11,275.00,"3,025.00"
2026-02-24,64,2026022405014356,EHPL,21,88,20,406.30,"8,126.00"
2026-02-24,65,2026022405014331,EHPL,16,38,100,409.00,"40,900.00"
2026-02-24,66,2026022405014321,EHPL,63,38,10,409.00,"4,090.00"
2026-02-24,67,2026022405014090,ENL,80,14,40,903.00,"36,120.00"
2026-02-24,68,2026022405014309,GCIL,38,26,90,412.00,"37,080.00"
2026-02-24,69,2026022405014041,GCIL,49,91,11,412.00,"4,532.00"
2026-02-24,70,2026022405014040,GCIL,49,55,123,412.00,"50,676.00"
2026-02-24,71,2026022405014047,GCIL,49,25,11,412.00,"4,532.00"
2026-02-24,72,2026022405014046,GCIL,49,57,34,412.00,"14,008.00"
2026-02-24,73,2026022405014045,GCIL,49,58,11,412.00,"4,532.00"
2026-02-24,74,2026022405014044,GCIL,49,56,11,412.00,"4,532.00"
2026-02-24,75,2026022405014043,GCIL,49,25,11,412.00,"4,532.00"
2026-02-24,76,2026022405014042,GCIL,49,35,23,412.00,"9,476.00"
2026-02-24,77,2026022405014048,GCIL,49,4,11,412.00,"4,532.00"
2026-02-24,78,2026022405014227,GCIL,52,26,10,412.00,"4,120.00"
2026-02-24,79,2026022405014185,GVL,45,1,137,482.10,"66,047.70"
2026-02-24,80,2026022405014162,HATHY,10,42,19,895.00,"17,005.00"
2026-02-24,81,2026022405013958,HATHY,55,42,31,892.30,"27,661.30"
2026-02-24,82,2026022405013957,HATHY,48,42,108,893.00,"96,444.00"
2026-02-24,83,2026022405013956,HATHY,42,42,83,893.00,"74,119.00"
2026-02-24,84,2026022405013955,HATHY,58,42,20,893.50,"17,870.00"
2026-02-24,85,2026022405013954,HATHY,22,42,18,893.50,"16,083.00"
2026-02-24,86,2026022405014260,HDL,57,52,80,"1,135.40","90,832.00"
2026-02-24,87,2026022405013980,HDL,46,42,7,"1,136.00","7,952.00"
2026-02-24,88,2026022405013976,HDL,29,14,32,"1,137.00","36,384.00"
2026-02-24,89,2026022405013991,HDL,16,52,100,"1,136.10","113,610.00"
2026-02-24,90,2026022405014093,HDL,49,45,342,"1,136.00","388,512.00"
2026-02-24,91,2026022405014092,HDL,84,45,200,"1,136.10","227,220.00"
2026-02-24,92,2026022405014091,HDL,16,45,90,"1,136.10","102,249.00"
2026-02-24,93,2026022405014085,HDL,16,14,190,"1,136.10","215,859.00"
2026-02-24,94,2026022405014084,HDL,4,14,10,"1,136.20","11,362.00"
2026-02-24,95,2026022405014259,HDL,42,52,20,"1,136.00","22,720.00"
2026-02-24,96,2026022405014126,HDL,29,13,50,"1,136.00","56,800.00"
2026-02-24,97,2026022405014125,HDL,54,13,26,"1,136.00","29,536.00"
2026-02-24,98,2026022405014124,HDL,21,13,118,"1,136.00","134,048.00"
2026-02-24,99,2026022405014094,HDL,21,45,68,"1,136.00","77,248.00"
2026-02-24,100,2026022405014267,HHL,33,7,100,333.00,"33,300.00"
2026-02-24,101,2026022405014127,HHL,88,33,100,333.20,"33,320.00"
2026-02-24,102,2026022405014052,HHL,51,7,330,333.50,"110,055.00"
2026-02-24,103,2026022405013921,HHL,51,38,10,333.10,"3,331.00"
2026-02-24,104,2026022405014330,HIDCL,52,49,10,259.90,"2,599.00"
2026-02-24,105,2026022405014328,HIDCL,62,49,10,259.90,"2,599.00"
2026-02-24,106,2026022405014258,HIDCL,38,49,933,260.00,"242,580.00"
2026-02-24,107,2026022405014257,HIDCL,38,58,30,260.00,"7,800.00"
2026-02-24,108,2026022405014256,HIDCL,38,17,37,260.00,"9,620.00"
2026-02-24,109,2026022405014214,HIDCL,40,92,450,258.20,"116,190.00"
2026-02-24,110,2026022405014150,HIDCL,6,38,50,259.50,"12,975.00"
2026-02-24,111,2026022405013949,HIDCL,6,42,100,259.50,"25,950.00"
2026-02-24,112,2026022405014213,HIDCL,42,92,300,258.20,"77,460.00"
2026-02-24,113,2026022405014212,HIDCL,53,92,50,258.50,"12,925.00"
2026-02-24,114,2026022405014211,HIDCL,45,92,100,259.00,"25,900.00"
2026-02-24,115,2026022405014210,HIDCL,38,92,"1,000",259.00,"259,000.00"
2026-02-24,116,2026022405014209,HIDCL,38,92,100,259.00,"25,900.00"
2026-02-24,117,2026022405014179,HIDCL,4,6,250,259.00,"64,750.00"
2026-02-24,118,2026022405014368,HRL,42,49,269,833.00,"224,077.00"
2026-02-24,119,2026022405014367,HRL,11,49,36,833.00,"29,988.00"
2026-02-24,120,2026022405014366,HRL,57,49,209,833.00,"174,097.00"
2026-02-24,121,2026022405014348,HRL,57,1,200,833.00,"166,600.00"
2026-02-24,122,2026022405013992,HRL,58,81,15,833.20,"12,498.00"
2026-02-24,123,2026022405013982,HRL,28,11,238,834.00,"198,492.00"
2026-02-24,124,2026022405013962,HRL,58,62,10,833.20,"8,332.00"
2026-02-24,125,2026022405013961,HRL,38,62,190,833.30,"158,327.00"
2026-02-24,126,2026022405013922,HRL,51,11,200,834.00,"166,800.00"
2026-02-24,127,2026022405014174,HRL,57,25,37,833.00,"30,821.00"
2026-02-24,128,2026022405014106,HRL,57,53,63,833.00,"52,479.00"
2026-02-24,129,2026022405014105,HRL,34,53,121,833.00,"100,793.00"
2026-02-24,130,2026022405014104,HRL,45,53,100,833.00,"83,300.00"
2026-02-24,131,2026022405014103,HRL,66,53,116,833.10,"96,639.60"
2026-02-24,132,2026022405013993,HRL,62,81,85,833.20,"70,822.00"
2026-02-24,133,2026022405014306,HRL,57,98,21,833.00,"17,493.00"
2026-02-24,134,2026022405014242,HRL,57,3,21,833.00,"17,493.00"
2026-02-24,135,2026022405014184,HRL,99,11,300,834.00,"250,200.00"
2026-02-24,136,2026022405014177,HRL,57,25,49,833.00,"40,817.00"
2026-02-24,137,2026022405014176,HRL,42,25,50,833.00,"41,650.00"
2026-02-24,138,2026022405014175,HRL,45,25,50,833.00,"41,650.00"
2026-02-24,139,2026022405014389,IHL,64,77,10,519.00,"5,190.00"
2026-02-24,140,2026022405014238,IHL,26,57,150,518.00,"77,700.00"
2026-02-24,141,2026022405014067,IHL,42,29,10,513.00,"5,130.00"
2026-02-24,142,2026022405014066,IHL,38,29,25,515.00,"12,875.00"
2026-02-24,143,2026022405014241,IHL,16,57,100,512.00,"51,200.00"
2026-02-24,144,2026022405014240,IHL,43,57,300,512.00,"153,600.00"
2026-02-24,145,2026022405014239,IHL,58,57,400,512.20,"204,880.00"
2026-02-24,146,2026022405014324,ILI,42,58,10,435.00,"4,350.00"
2026-02-24,147,2026022405014218,ILI,14,58,57,435.00,"24,795.00"
2026-02-24,148,2026022405014178,ILI,42,98,12,434.00,"5,208.00"
2026-02-24,149,2026022405014149,MAKAR,14,49,10,527.10,"5,271.00"
2026-02-24,150,2026022405014069,MAKAR,14,98,10,527.10,"5,271.00"
2026-02-24,151,2026022405014391,MANDU,43,91,10,811.00,"8,110.00"
2026-02-24,152,2026022405014390,MANDU,43,70,10,810.00,"8,100.00"
2026-02-24,153,2026022405014167,MANDU,4,65,100,801.00,"80,100.00"
2026-02-24,154,2026022405014049,MANDU,34,42,10,809.90,"8,099.00"
2026-02-24,155,2026022405014415,MBJC,82,81,580,285.90,"165,822.00"
2026-02-24,156,2026022405014414,MBJC,82,34,120,285.80,"34,296.00"
2026-02-24,157,2026022405014270,MBJC,26,81,851,285.90,"243,300.90"
2026-02-24,158,2026022405014269,MBJC,26,50,90,285.00,"25,650.00"
2026-02-24,159,2026022405014165,MBJC,16,41,10,284.30,"2,843.00"
2026-02-24,160,2026022405014096,MBJC,58,52,10,286.00,"2,860.00"
2026-02-24,161,2026022405014095,MBJC,58,39,40,285.00,"11,400.00"
2026-02-24,162,2026022405014409,MCHL,17,48,15,413.00,"6,195.00"
2026-02-24,163,2026022405014406,MEHL,42,26,10,436.40,"4,364.00"
2026-02-24,164,2026022405014281,MEHL,25,26,10,436.40,"4,364.00"
2026-02-24,165,2026022405014202,MEHL,67,41,100,434.00,"43,400.00"
2026-02-24,166,2026022405014123,MEHL,42,26,10,436.40,"4,364.00"
2026-02-24,167,2026022405014077,MEHL,38,1,23,432.80,"9,954.40"
2026-02-24,168,2026022405014076,MEHL,62,1,40,433.00,"17,320.00"
2026-02-24,169,2026022405014075,MEHL,6,1,100,433.50,"43,350.00"
2026-02-24,170,2026022405014074,MEHL,63,1,27,433.60,"11,707.20"
2026-02-24,171,2026022405014338,MEL,53,45,30,282.00,"8,460.00"
2026-02-24,172,2026022405014320,MEL,55,45,100,282.00,"28,200.00"
2026-02-24,173,2026022405013983,MEL,35,98,10,280.10,"2,801.00"
2026-02-24,174,2026022405014114,MHCL,16,65,69,343.00,"23,667.00"
2026-02-24,175,2026022405014113,MHCL,6,65,12,343.20,"4,118.40"
2026-02-24,176,2026022405014112,MHCL,48,65,109,343.30,"37,419.70"
2026-02-24,177,2026022405014111,MHCL,49,65,40,343.40,"13,736.00"
2026-02-24,178,2026022405014110,MHCL,21,65,170,344.00,"58,480.00"
2026-02-24,179,2026022405014024,MHCL,21,10,20,344.00,"6,880.00"
2026-02-24,180,2026022405013977,MHCL,21,22,100,344.00,"34,400.00"
2026-02-24,181,2026022405014286,MHL,19,34,10,522.00,"5,220.00"
2026-02-24,182,2026022405014225,MHL,3,21,650,522.10,"339,365.00"
2026-02-24,183,2026022405014224,MHL,3,38,350,522.00,"182,700.00"
2026-02-24,184,2026022405014192,MHL,96,38,10,522.00,"5,220.00"
2026-02-24,185,2026022405013978,MHL,3,34,500,522.00,"261,000.00"
2026-02-24,186,2026022405014417,MKHC,58,39,120,315.80,"37,896.00"
2026-02-24,187,2026022405014268,MKHC,58,41,100,315.80,"31,580.00"
2026-02-24,188,2026022405014252,MKHC,54,92,950,315.00,"299,250.00"
2026-02-24,189,2026022405014251,MKHC,58,92,450,315.00,"141,750.00"
2026-02-24,190,2026022405014183,MKHC,58,22,50,315.00,"15,750.00"
2026-02-24,191,2026022405014360,MKJC,35,71,200,527.50,"105,500.00"
2026-02-24,192,2026022405014173,MKJC,58,54,235,528.00,"124,080.00"
2026-02-24,193,2026022405014172,MKJC,58,54,205,528.00,"108,240.00"
2026-02-24,194,2026022405013920,MMKJL,58,46,10,558.30,"5,583.00"
2026-02-24,195,2026022405014405,MSHL,45,49,10,802.00,"8,020.00"
2026-02-24,196,2026022405013953,MSHL,45,4,10,793.00,"7,930.00"
2026-02-24,197,2026022405014280,NICSF,52,41,"5,800",9.10,"52,780.00"
2026-02-24,198,2026022405014201,NIFRA,49,38,54,257.80,"13,921.20"
2026-02-24,199,2026022405014064,NIFRA,49,56,64,257.80,"16,499.20"
2026-02-24,200,2026022405014038,NIFRA,49,29,64,257.80,"16,499.20"
2026-02-24,201,2026022405013975,NIFRA,49,7,42,257.80,"10,827.60"
2026-02-24,202,2026022405013974,NIFRA,34,7,22,258.00,"5,676.00"
2026-02-24,203,2026022405013943,NIFRA,26,35,29,259.00,"7,511.00"
2026-02-24,204,2026022405014392,NRIC,42,45,10,"1,220.00","12,200.00"
2026-02-24,205,2026022405014294,NRIC,28,45,100,"1,220.00","122,000.00"
2026-02-24,206,2026022405014266,NRIC,52,45,100,"1,220.00","122,000.00"
2026-02-24,207,2026022405014265,NRIC,49,45,50,"1,220.00","61,000.00"
2026-02-24,208,2026022405014264,NRIC,17,45,10,"1,220.00","12,200.00"
2026-02-24,209,2026022405014121,NRIC,17,45,61,"1,220.00","74,420.00"
2026-02-24,210,2026022405014120,NRIC,86,45,50,"1,222.00","61,100.00"
2026-02-24,211,2026022405014022,NRIC,17,21,369,"1,220.00","450,180.00"
2026-02-24,212,2026022405014021,NRIC,34,21,100,"1,221.00","122,100.00"
2026-02-24,213,2026022405014020,NRIC,43,21,258,"1,222.00","315,276.00"
2026-02-24,214,2026022405013950,NRIC,43,1,42,"1,222.00","51,324.00"
2026-02-24,215,2026022405014109,NRM,57,59,494,420.00,"207,480.00"
2026-02-24,216,2026022405014108,NRM,57,49,40,420.00,"16,800.00"
2026-02-24,217,2026022405014107,NRM,57,58,76,419.00,"31,844.00"
2026-02-24,218,2026022405014080,NRM,3,58,20,419.00,"8,380.00"
2026-02-24,219,2026022405013966,NRM,34,58,230,419.00,"96,370.00"
2026-02-24,220,2026022405013948,NRM,35,49,150,420.00,"63,000.00"
2026-02-24,221,2026022405014412,NRN,62,52,200,"1,504.20","300,840.00"
2026-02-24,222,2026022405014411,NRN,38,52,300,"1,505.00","451,500.00"
2026-02-24,223,2026022405014410,NRN,58,52,500,"1,505.00","752,500.00"
2026-02-24,224,2026022405014298,NRN,36,56,100,"1,506.00","150,600.00"
2026-02-24,225,2026022405013985,NRN,91,52,203,"1,505.00","305,515.00"
2026-02-24,226,2026022405013981,NRN,91,58,200,"1,505.00","301,000.00"
2026-02-24,227,2026022405014003,NRN,60,52,10,"1,509.00","15,090.00"
2026-02-24,228,2026022405014002,NRN,60,16,100,"1,509.00","150,900.00"
2026-02-24,229,2026022405013988,NRN,62,52,47,"1,504.20","70,697.40"
2026-02-24,230,2026022405013987,NRN,34,52,500,"1,504.30","752,150.00"
2026-02-24,231,2026022405013986,NRN,7,52,250,"1,504.40","376,100.00"
2026-02-24,232,2026022405014009,NRN,60,52,"1,000","1,511.40","1,511,400.00"
2026-02-24,233,2026022405014008,NRN,60,45,30,"1,511.20","45,336.00"
2026-02-24,234,2026022405014007,NRN,60,38,43,"1,511.00","64,973.00"
2026-02-24,235,2026022405014006,NRN,60,75,400,"1,510.00","604,000.00"
2026-02-24,236,2026022405014005,NRN,60,54,10,"1,510.00","15,100.00"
2026-02-24,237,2026022405014004,NRN,60,7,19,"1,509.90","28,688.10"
2026-02-24,238,2026022405014015,NRN,60,72,40,"1,520.00","60,800.00"
2026-02-24,239,2026022405014014,NRN,60,41,11,"1,518.00","16,698.00"
2026-02-24,240,2026022405014013,NRN,60,58,50,"1,515.00","75,750.00"
2026-02-24,241,2026022405014012,NRN,60,54,10,"1,515.00","15,150.00"
2026-02-24,242,2026022405014011,NRN,60,33,84,"1,513.00","127,092.00"
2026-02-24,243,2026022405014010,NRN,60,45,34,"1,513.00","51,442.00"
2026-02-24,244,2026022405014019,NRN,60,28,22,"1,521.00","33,462.00"
2026-02-24,245,2026022405014018,NRN,60,56,50,"1,520.00","76,000.00"
2026-02-24,246,2026022405014017,NRN,60,66,50,"1,520.00","76,000.00"
2026-02-24,247,2026022405014016,NRN,60,6,37,"1,520.00","56,240.00"
2026-02-24,248,2026022405014305,NTC,4,21,30,853.00,"25,590.00"
2026-02-24,249,2026022405014304,NTC,58,21,20,853.00,"17,060.00"
2026-02-24,250,2026022405014098,NTC,32,16,53,854.00,"45,262.00"
2026-02-24,251,2026022405014097,NTC,57,16,45,854.00,"38,430.00"
2026-02-24,252,2026022405014383,NYADI,34,35,45,397.80,"17,901.00"
2026-02-24,253,2026022405014382,NYADI,34,45,29,397.80,"11,536.20"
2026-02-24,254,2026022405014381,NYADI,34,48,126,395.00,"49,770.00"
2026-02-24,255,2026022405014117,NYADI,34,37,75,393.60,"29,520.00"
2026-02-24,256,2026022405014116,NYADI,41,37,100,394.00,"39,400.00"
2026-02-24,257,2026022405014115,NYADI,1,37,25,394.10,"9,852.50"
2026-02-24,258,2026022405013919,NYADI,29,48,50,395.00,"19,750.00"
2026-02-24,259,2026022405014262,PHCL,26,14,50,286.80,"14,340.00"
2026-02-24,260,2026022405014226,PHCL,17,34,500,286.70,"143,350.00"
2026-02-24,261,2026022405014222,PHCL,13,48,500,285.40,"142,700.00"
2026-02-24,262,2026022405014073,PHCL,13,34,18,285.40,"5,137.20"
2026-02-24,263,2026022405013951,PHCL,6,14,300,286.80,"86,040.00"
2026-02-24,264,2026022405013942,PHCL,88,60,159,285.00,"45,315.00"
2026-02-24,265,2026022405013935,PHCL,17,60,500,285.00,"142,500.00"
2026-02-24,266,2026022405013934,PHCL,48,60,701,285.30,"199,995.30"
2026-02-24,267,2026022405013933,PHCL,36,60,10,286.70,"2,867.00"
2026-02-24,268,2026022405013941,PHCL,58,60,50,285.00,"14,250.00"
2026-02-24,269,2026022405013940,PHCL,45,60,200,285.00,"57,000.00"
2026-02-24,270,2026022405013939,PHCL,29,60,10,285.00,"2,850.00"
2026-02-24,271,2026022405013938,PHCL,45,60,50,285.00,"14,250.00"
2026-02-24,272,2026022405013937,PHCL,26,60,20,285.00,"5,700.00"
2026-02-24,273,2026022405013936,PHCL,52,60,300,285.00,"85,500.00"
2026-02-24,274,2026022405014413,PPL,39,56,10,378.00,"3,780.00"
2026-02-24,275,2026022405014271,PPL,39,56,10,378.00,"3,780.00"
2026-02-24,276,2026022405014200,PPL,77,38,490,375.60,"184,044.00"
2026-02-24,277,2026022405014199,PPL,38,38,200,375.70,"75,140.00"
2026-02-24,278,2026022405014198,PPL,17,38,500,375.80,"187,900.00"
2026-02-24,279,2026022405014086,PPL,39,38,10,377.00,"3,770.00"
2026-02-24,280,2026022405013947,PPL,19,38,388,375.20,"145,577.60"
2026-02-24,281,2026022405013946,PPL,46,38,112,375.20,"42,022.40"
2026-02-24,282,2026022405013945,PPL,38,38,100,375.30,"37,530.00"
2026-02-24,283,2026022405014364,RAWA,6,52,51,720.00,"36,720.00"
2026-02-24,284,2026022405014363,RAWA,6,52,200,715.00,"143,000.00"
2026-02-24,285,2026022405014362,RAWA,6,52,300,710.00,"213,000.00"
2026-02-24,286,2026022405014361,RAWA,6,32,99,709.90,"70,280.10"
2026-02-24,287,2026022405014388,RFPL,58,43,10,387.90,"3,879.00"
2026-02-24,288,2026022405014387,RFPL,58,52,20,387.00,"7,740.00"
2026-02-24,289,2026022405014386,RFPL,58,55,20,387.00,"7,740.00"
2026-02-24,290,2026022405014385,RFPL,58,35,20,386.00,"7,720.00"
2026-02-24,291,2026022405014182,RFPL,58,55,10,387.00,"3,870.00"
2026-02-24,292,2026022405014181,RFPL,58,7,15,386.00,"5,790.00"
2026-02-24,293,2026022405014054,RFPL,58,7,60,386.00,"23,160.00"
2026-02-24,294,2026022405014051,RFPL,58,58,20,386.00,"7,720.00"
2026-02-24,295,2026022405014001,RFPL,58,55,10,387.00,"3,870.00"
2026-02-24,296,2026022405013959,RFPL,58,49,20,386.00,"7,720.00"
2026-02-24,297,2026022405014235,RHGCL,6,32,10,269.00,"2,690.00"
2026-02-24,298,2026022405014234,RHGCL,6,49,70,268.90,"18,823.00"
2026-02-24,299,2026022405014233,RHGCL,6,58,20,268.50,"5,370.00"
2026-02-24,300,2026022405014232,RHGCL,6,58,10,268.00,"2,680.00"
2026-02-24,301,2026022405014231,RHGCL,6,53,40,268.00,"10,720.00"
2026-02-24,302,2026022405014102,RHGCL,35,3,63,267.10,"16,827.30"
2026-02-24,303,2026022405014101,RHGCL,57,3,130,267.20,"34,736.00"
2026-02-24,304,2026022405014100,RHGCL,14,3,200,267.50,"53,500.00"
2026-02-24,305,2026022405014099,RHGCL,57,3,"1,419",267.60,"379,724.40"
2026-02-24,306,2026022405013944,RHGCL,14,38,100,267.50,"26,750.00"
2026-02-24,307,2026022405014230,SAHAS,77,35,60,557.00,"33,420.00"
2026-02-24,308,2026022405014168,SAHAS,41,35,100,557.00,"55,700.00"
2026-02-24,309,2026022405014078,SAHAS,58,55,3,555.00,"1,665.00"
2026-02-24,310,2026022405014072,SAHAS,94,35,185,557.00,"103,045.00"
2026-02-24,311,2026022405014071,SAHAS,38,35,32,557.00,"17,824.00"
2026-02-24,312,2026022405014070,SAHAS,17,35,10,557.00,"5,570.00"
2026-02-24,313,2026022405013928,SAHAS,75,74,10,557.00,"5,570.00"
2026-02-24,314,2026022405013927,SAHAS,75,56,21,557.00,"11,697.00"
2026-02-24,315,2026022405013926,SAHAS,75,35,"5,000",557.00,"2,785,000.00"
2026-02-24,316,2026022405013925,SAHAS,75,35,"5,000",557.00,"2,785,000.00"
2026-02-24,317,2026022405013924,SAHAS,75,41,253,557.00,"140,921.00"
2026-02-24,318,2026022405013923,SAHAS,75,35,"2,303",557.00,"1,282,771.00"
2026-02-24,319,2026022405014333,SANVI,74,38,10,808.00,"8,080.00"
2026-02-24,320,2026022405014329,SANVI,49,38,32,808.00,"25,856.00"
2026-02-24,321,2026022405014307,SANVI,16,38,500,808.00,"404,000.00"
2026-02-24,322,2026022405014255,SANVI,48,38,20,808.00,"16,160.00"
2026-02-24,323,2026022405014254,SANVI,95,38,142,808.10,"114,750.20"
2026-02-24,324,2026022405014253,SANVI,49,38,20,808.50,"16,170.00"
2026-02-24,325,2026022405014148,SANVI,95,66,290,808.10,"234,349.00"
2026-02-24,326,2026022405014147,SANVI,68,66,110,808.20,"88,902.00"
2026-02-24,327,2026022405014056,SANVI,68,41,160,808.20,"129,312.00"
2026-02-24,328,2026022405013990,SANVI,68,37,30,808.20,"24,246.00"
2026-02-24,329,2026022405013989,SANVI,95,37,70,808.30,"56,581.00"
2026-02-24,330,2026022405014416,SGHC,42,57,200,400.00,"80,000.00"
2026-02-24,331,2026022405014395,SGHC,42,7,10,400.00,"4,000.00"
2026-02-24,332,2026022405014394,SGHC,42,4,10,400.00,"4,000.00"
2026-02-24,333,2026022405014393,SGHC,42,65,50,400.00,"20,000.00"
2026-02-24,334,2026022405014197,SGHC,58,68,50,399.80,"19,990.00"
2026-02-24,335,2026022405014196,SGHC,45,68,20,400.00,"8,000.00"
2026-02-24,336,2026022405014195,SGHC,45,68,20,400.00,"8,000.00"
2026-02-24,337,2026022405014194,SGHC,49,68,10,400.00,"4,000.00"
2026-02-24,338,2026022405014193,SGHC,49,68,100,402.00,"40,200.00"
2026-02-24,339,2026022405014189,SGHC,49,42,60,402.00,"24,120.00"
2026-02-24,340,2026022405014188,SGHC,49,95,40,402.00,"16,080.00"
2026-02-24,341,2026022405014089,SGHC,22,95,10,402.00,"4,020.00"
2026-02-24,342,2026022405014337,SHIVM,80,44,165,611.80,"100,947.00"
2026-02-24,343,2026022405014336,SHIVM,80,74,300,611.50,"183,450.00"
2026-02-24,344,2026022405014335,SHIVM,80,21,135,609.50,"82,282.50"
2026-02-24,345,2026022405014301,SHIVM,101,21,388,609.50,"236,486.00"
2026-02-24,346,2026022405014300,SHIVM,101,42,800,609.00,"487,200.00"
2026-02-24,347,2026022405014299,SHIVM,101,40,12,609.00,"7,308.00"
2026-02-24,348,2026022405013963,SHIVM,25,22,48,610.00,"29,280.00"
2026-02-24,349,2026022405014249,SHIVM,25,53,160,608.20,"97,312.00"
2026-02-24,350,2026022405014248,SHIVM,39,53,100,608.20,"60,820.00"
2026-02-24,351,2026022405014247,SHIVM,44,53,300,608.30,"182,490.00"
2026-02-24,352,2026022405014079,SHIVM,20,21,212,609.50,"129,214.00"
2026-02-24,353,2026022405013965,SHIVM,20,22,142,609.50,"86,549.00"
2026-02-24,354,2026022405013964,SHIVM,1,22,10,610.00,"6,100.00"
2026-02-24,355,2026022405014407,SIKLES,46,45,10,608.00,"6,080.00"
2026-02-24,356,2026022405014261,SIKLES,63,32,55,606.00,"33,330.00"
2026-02-24,357,2026022405014191,SIKLES,63,1,50,606.00,"30,300.00"
2026-02-24,358,2026022405014190,SIKLES,51,1,40,606.00,"24,240.00"
2026-02-24,359,2026022405014082,SIKLES,51,57,260,606.00,"157,560.00"
2026-02-24,360,2026022405014081,SIKLES,32,57,40,606.00,"24,240.00"
2026-02-24,361,2026022405014303,SMATA,51,58,110,771.20,"84,832.00"
2026-02-24,362,2026022405014302,SMATA,41,58,50,771.30,"38,565.00"
2026-02-24,363,2026022405013930,SMATA,41,45,50,771.30,"38,565.00"
2026-02-24,364,2026022405014396,SMH,68,38,100,710.00,"71,000.00"
2026-02-24,365,2026022405014380,SMH,42,38,160,710.00,"113,600.00"
2026-02-24,366,2026022405014379,SMH,42,49,107,710.00,"75,970.00"
2026-02-24,367,2026022405014378,SMH,42,29,107,710.00,"75,970.00"
2026-02-24,368,2026022405014377,SMH,42,38,"1,000",710.00,"710,000.00"
2026-02-24,369,2026022405014376,SMH,42,58,10,710.00,"7,100.00"
2026-02-24,370,2026022405014023,SMH,32,43,107,707.00,"75,649.00"
2026-02-24,371,2026022405013973,SMH,55,38,89,706.00,"62,834.00"
2026-02-24,372,2026022405013972,SMH,34,38,100,706.00,"70,600.00"
2026-02-24,373,2026022405013971,SMH,36,38,100,706.00,"70,600.00"
2026-02-24,374,2026022405013970,SMH,14,38,100,707.00,"70,700.00"
2026-02-24,375,2026022405013969,SMH,13,38,111,707.00,"78,477.00"
2026-02-24,376,2026022405014237,SMH,26,52,26,708.40,"18,418.40"
2026-02-24,377,2026022405014223,SMH,77,52,10,708.40,"7,084.00"
2026-02-24,378,2026022405014164,SMH,62,52,100,708.40,"70,840.00"
2026-02-24,379,2026022405014088,SMH,45,52,100,708.40,"70,840.00"
2026-02-24,380,2026022405014063,SMH,26,52,30,708.40,"21,252.00"
2026-02-24,381,2026022405014039,SMH,38,52,10,708.40,"7,084.00"
2026-02-24,382,2026022405014369,SMH,42,34,378,709.00,"268,002.00"
2026-02-24,383,2026022405014308,SMH,55,34,122,709.00,"86,498.00"
2026-02-24,384,2026022405014297,SMH,55,29,107,709.00,"75,863.00"
2026-02-24,385,2026022405014296,SMH,55,52,21,709.00,"14,889.00"
2026-02-24,386,2026022405014284,SMH,34,52,100,709.00,"70,900.00"
2026-02-24,387,2026022405014263,SMH,62,52,100,709.00,"70,900.00"
2026-02-24,388,2026022405014375,SMH,42,34,42,710.00,"29,820.00"
2026-02-24,389,2026022405014374,SMH,42,52,500,709.80,"354,900.00"
2026-02-24,390,2026022405014373,SMH,42,52,500,709.60,"354,800.00"
2026-02-24,391,2026022405014372,SMH,42,56,14,709.50,"9,933.00"
2026-02-24,392,2026022405014371,SMH,42,36,27,709.50,"19,156.50"
2026-02-24,393,2026022405014370,SMH,42,52,155,709.50,"109,972.50"
2026-02-24,394,2026022405014334,SMHL,74,64,"1,230",459.30,"564,939.00"
2026-02-24,395,2026022405014327,SMHL,56,14,60,460.00,"27,600.00"
2026-02-24,396,2026022405014326,SMHL,58,14,50,460.00,"23,000.00"
2026-02-24,397,2026022405014325,SMHL,49,14,200,460.00,"92,000.00"
2026-02-24,398,2026022405014282,SMHL,91,6,10,461.00,"4,610.00"
2026-02-24,399,2026022405014243,SMHL,5,33,6,457.00,"2,742.00"
2026-02-24,400,2026022405013984,SMHL,58,49,200,459.50,"91,900.00"
2026-02-24,401,2026022405013960,SMHL,35,101,50,460.00,"23,000.00"
2026-02-24,402,2026022405014208,SMJC,57,64,40,473.40,"18,936.00"
2026-02-24,403,2026022405014207,SMJC,56,64,10,473.50,"4,735.00"
2026-02-24,404,2026022405014206,SMJC,45,64,130,473.70,"61,581.00"
2026-02-24,405,2026022405014205,SMJC,26,64,200,474.00,"94,800.00"
2026-02-24,406,2026022405014204,SMJC,51,64,50,474.00,"23,700.00"
2026-02-24,407,2026022405014203,SMJC,43,64,10,474.00,"4,740.00"
2026-02-24,408,2026022405014000,SPC,88,55,175,485.30,"84,927.50"
2026-02-24,409,2026022405013999,SPC,48,55,55,486.00,"26,730.00"
2026-02-24,410,2026022405013998,SPC,52,55,50,486.00,"24,300.00"
2026-02-24,411,2026022405013997,SPC,40,55,400,486.10,"194,440.00"
2026-02-24,412,2026022405013996,SPC,48,55,30,487.00,"14,610.00"
2026-02-24,413,2026022405013995,SPC,59,55,50,487.10,"24,355.00"
2026-02-24,414,2026022405014295,SPL,92,41,100,725.00,"72,500.00"
2026-02-24,415,2026022405014293,SPL,34,41,10,725.00,"7,250.00"
2026-02-24,416,2026022405014292,SPL,34,43,50,718.00,"35,900.00"
2026-02-24,417,2026022405014283,SPL,58,47,10,712.00,"7,120.00"
2026-02-24,418,2026022405014037,STC,16,45,15,"5,640.00","84,600.00"
2026-02-24,419,2026022405014036,STC,16,4,20,"5,639.00","112,780.00"
2026-02-24,420,2026022405014035,STC,16,57,10,"5,635.00","56,350.00"
2026-02-24,421,2026022405014146,TAMOR,45,8,14,416.00,"5,824.00"
2026-02-24,422,2026022405014145,TAMOR,45,44,10,415.90,"4,159.00"
2026-02-24,423,2026022405014144,TAMOR,45,16,10,415.90,"4,159.00"
2026-02-24,424,2026022405014143,TAMOR,45,42,20,415.80,"8,316.00"
2026-02-24,425,2026022405014142,TAMOR,45,34,36,415.00,"14,940.00"
2026-02-24,426,2026022405014141,TAMOR,45,49,10,415.00,"4,150.00"
2026-02-24,427,2026022405014128,TAMOR,45,58,10,414.00,"4,140.00"
2026-02-24,428,2026022405014119,TAMOR,81,58,10,411.90,"4,119.00"
2026-02-24,429,2026022405014134,TAMOR,45,55,10,415.00,"4,150.00"
2026-02-24,430,2026022405014133,TAMOR,45,44,10,415.00,"4,150.00"
2026-02-24,431,2026022405014132,TAMOR,45,38,10,414.90,"4,149.00"
2026-02-24,432,2026022405014131,TAMOR,45,29,10,414.00,"4,140.00"
2026-02-24,433,2026022405014130,TAMOR,45,32,10,414.00,"4,140.00"
2026-02-24,434,2026022405014129,TAMOR,45,6,10,414.00,"4,140.00"
2026-02-24,435,2026022405014140,TAMOR,45,19,30,415.00,"12,450.00"
2026-02-24,436,2026022405014139,TAMOR,45,57,60,415.00,"24,900.00"
2026-02-24,437,2026022405014138,TAMOR,45,59,10,415.00,"4,150.00"
2026-02-24,438,2026022405014137,TAMOR,45,88,10,415.00,"4,150.00"
2026-02-24,439,2026022405014136,TAMOR,45,35,10,415.00,"4,150.00"
2026-02-24,440,2026022405014135,TAMOR,45,58,10,415.00,"4,150.00"
2026-02-24,441,2026022405014397,TPC,49,25,10,384.00,"3,840.00"
2026-02-24,442,2026022405014278,TPC,33,60,261,381.90,"99,675.90"
2026-02-24,443,2026022405014277,TPC,6,60,30,382.00,"11,460.00"
2026-02-24,444,2026022405014276,TPC,50,60,20,382.00,"7,640.00"
2026-02-24,445,2026022405014275,TPC,22,60,50,382.20,"19,110.00"
2026-02-24,446,2026022405014216,TPC,74,35,10,385.00,"3,850.00"
2026-02-24,447,2026022405014068,TPC,55,35,655,385.00,"252,175.00"
2026-02-24,448,2026022405014274,TPC,32,60,"1,500",382.20,"573,300.00"
2026-02-24,449,2026022405014273,TPC,43,60,90,382.20,"34,398.00"
2026-02-24,450,2026022405014272,TPC,49,60,49,383.00,"18,767.00"
2026-02-24,451,2026022405014315,TSHL,32,58,10,728.00,"7,280.00"
2026-02-24,452,2026022405014365,TVCL,34,81,100,664.00,"66,400.00"
2026-02-24,453,2026022405014354,TVCL,14,81,"1,584",664.00,"1,051,776.00"
2026-02-24,454,2026022405014353,TVCL,14,44,20,664.00,"13,280.00"
2026-02-24,455,2026022405014352,TVCL,14,74,200,663.90,"132,780.00"
2026-02-24,456,2026022405014351,TVCL,14,22,136,663.00,"90,168.00"
2026-02-24,457,2026022405014350,TVCL,14,65,50,663.00,"33,150.00"
2026-02-24,458,2026022405014349,TVCL,14,58,10,663.00,"6,630.00"
2026-02-24,459,2026022405014319,TVCL,58,58,20,663.00,"13,260.00"
2026-02-24,460,2026022405014318,TVCL,58,41,30,662.00,"19,860.00"
2026-02-24,461,2026022405014317,TVCL,58,49,20,661.00,"13,220.00"
2026-02-24,462,2026022405014316,TVCL,58,29,30,657.00,"19,710.00"
2026-02-24,463,2026022405014355,ULHC,58,29,10,532.00,"5,320.00"
2026-02-24,464,2026022405014347,ULHC,58,36,"2,000",532.00,"1,064,000.00"
2026-02-24,465,2026022405014346,ULHC,58,14,10,532.00,"5,320.00"
2026-02-24,466,2026022405014345,ULHC,58,1,100,532.00,"53,200.00"
2026-02-24,467,2026022405014344,ULHC,58,1,10,532.00,"5,320.00"
2026-02-24,468,2026022405014343,ULHC,58,38,228,532.00,"121,296.00"
2026-02-24,469,2026022405014025,ULHC,45,54,10,530.00,"5,300.00"
2026-02-24,470,2026022405013932,ULHC,35,32,25,530.00,"13,250.00"
2026-02-24,471,2026022405014031,ULHC,45,22,10,530.00,"5,300.00"
2026-02-24,472,2026022405014030,ULHC,45,42,10,530.00,"5,300.00"
2026-02-24,473,2026022405014029,ULHC,45,41,10,530.00,"5,300.00"
2026-02-24,474,2026022405014028,ULHC,45,34,10,530.00,"5,300.00"
2026-02-24,475,2026022405014027,ULHC,45,33,10,530.00,"5,300.00"
2026-02-24,476,2026022405014026,ULHC,45,49,10,530.00,"5,300.00"
2026-02-24,477,2026022405014059,ULHC,36,49,10,530.00,"5,300.00"
2026-02-24,478,2026022405014058,ULHC,36,58,10,530.00,"5,300.00"
2026-02-24,479,2026022405014057,ULHC,36,62,10,530.00,"5,300.00"
2026-02-24,480,2026022405014034,ULHC,45,56,10,530.00,"5,300.00"
2026-02-24,481,2026022405014033,ULHC,45,42,10,530.00,"5,300.00"
2026-02-24,482,2026022405014032,ULHC,45,35,10,530.00,"5,300.00"
2026-02-24,483,2026022405014288,ULHC,64,17,190,529.50,"100,605.00"
2026-02-24,484,2026022405014166,ULHC,64,45,10,529.50,"5,295.00"
2026-02-24,485,2026022405014163,ULHC,36,49,50,530.00,"26,500.00"
2026-02-24,486,2026022405014087,ULHC,36,65,20,530.00,"10,600.00"
2026-02-24,487,2026022405014061,ULHC,36,5,100,530.00,"53,000.00"
2026-02-24,488,2026022405014060,ULHC,36,8,300,530.00,"159,000.00"
2026-02-24,489,2026022405014342,ULHC,58,41,10,531.00,"5,310.00"
2026-02-24,490,2026022405014341,ULHC,58,19,10,531.00,"5,310.00"
2026-02-24,491,2026022405014340,ULHC,58,62,50,531.00,"26,550.00"
2026-02-24,492,2026022405014339,ULHC,58,91,10,531.00,"5,310.00"
2026-02-24,493,2026022405014290,ULHC,80,49,50,530.00,"26,500.00"
2026-02-24,494,2026022405014289,ULHC,80,17,10,529.50,"5,295.00"
2026-02-24,495,2026022405014418,USHL,54,41,10,710.30,"7,103.00"
2026-02-24,496,2026022405014384,USHL,34,13,10,719.60,"7,196.00"
2026-02-24,497,2026022405014314,USHL,48,65,20,719.50,"14,390.00"
2026-02-24,498,2026022405014246,VLUCL,57,25,10,565.00,"5,650.00"
2026-02-24,499,2026022405014245,VLUCL,57,38,10,565.00,"5,650.00"
2026-02-24,500,2026022405014180,VLUCL,21,43,10,560.20,"5,602.00"
2026-02-24,501,2026022405013795,BEDC,52,60,81,509.00,"41,229.00"
2026-02-24,502,2026022405013794,BEDC,41,60,19,509.00,"9,671.00"
2026-02-24,503,2026022405013793,BEDC,19,60,360,509.00,"183,240.00"
2026-02-24,504,2026022405013792,BEDC,42,60,100,509.10,"50,910.00"
2026-02-24,505,2026022405013586,BEDC,49,61,280,511.00,"143,080.00"
2026-02-24,506,2026022405013568,BEDC,49,1,20,511.00,"10,220.00"
2026-02-24,507,2026022405013791,BEDC,57,60,20,510.00,"10,200.00"
2026-02-24,508,2026022405013790,BEDC,57,60,20,510.00,"10,200.00"
2026-02-24,509,2026022405013789,BEDC,42,60,400,510.00,"204,000.00"
2026-02-24,510,2026022405013588,BEDC,38,61,25,510.00,"12,750.00"
2026-02-24,511,2026022405013587,BEDC,94,61,195,510.50,"99,547.50"
2026-02-24,512,2026022405013852,BGWT,57,42,100,747.00,"74,700.00"
2026-02-24,513,2026022405013851,BGWT,55,42,40,747.00,"29,880.00"
2026-02-24,514,2026022405013808,BHDC,13,34,498,470.00,"234,060.00"
2026-02-24,515,2026022405013647,BHDC,42,34,40,470.00,"18,800.00"
2026-02-24,516,2026022405013911,BHL,45,50,"1,832",197.50,"361,820.00"
2026-02-24,517,2026022405013910,BHL,45,52,500,197.50,"98,750.00"
2026-02-24,518,2026022405013909,BHL,45,46,"2,000",197.50,"395,000.00"
2026-02-24,519,2026022405013908,BHL,45,5,103,197.50,"20,342.50"
2026-02-24,520,2026022405013907,BHL,45,51,310,197.30,"61,163.00"
2026-02-24,521,2026022405013906,BHL,45,45,255,197.20,"50,286.00"
2026-02-24,522,2026022405013472,BHL,38,72,155,197.20,"30,566.00"
2026-02-24,523,2026022405013478,BHL,16,72,100,197.00,"19,700.00"
2026-02-24,524,2026022405013477,BHL,41,72,40,197.00,"7,880.00"
2026-02-24,525,2026022405013476,BHL,58,72,250,197.00,"49,250.00"
2026-02-24,526,2026022405013475,BHL,49,72,480,197.00,"94,560.00"
2026-02-24,527,2026022405013474,BHL,62,72,222,197.10,"43,756.20"
2026-02-24,528,2026022405013473,BHL,5,72,84,197.20,"16,564.80"
2026-02-24,529,2026022405013578,BHL,21,51,500,197.30,"98,650.00"
2026-02-24,530,2026022405013503,BHL,3,58,30,197.20,"5,916.00"
2026-02-24,531,2026022405013496,BHL,42,49,569,197.00,"112,093.00"
2026-02-24,532,2026022405013495,BHL,34,49,100,197.00,"19,700.00"
2026-02-24,533,2026022405013494,BHL,57,49,831,197.00,"163,707.00"
2026-02-24,534,2026022405013479,BHL,57,72,"4,169",197.00,"821,293.00"
2026-02-24,535,2026022405013858,BHL,6,51,250,197.30,"49,325.00"
2026-02-24,536,2026022405013800,BHL,54,42,250,197.20,"49,300.00"
2026-02-24,537,2026022405013799,BHL,3,42,48,197.20,"9,465.60"
2026-02-24,538,2026022405013782,BHL,4,51,150,197.30,"29,595.00"
2026-02-24,539,2026022405013742,BHL,5,51,"1,000",197.30,"197,300.00"
2026-02-24,540,2026022405013617,BHL,3,19,23,197.20,"4,535.60"
2026-02-24,541,2026022405013914,BHPL,34,59,222,558.00,"123,876.00"
2026-02-24,542,2026022405013913,BHPL,34,43,28,557.90,"15,621.20"
2026-02-24,543,2026022405013912,BHPL,34,47,50,555.00,"27,750.00"
2026-02-24,544,2026022405013872,BHPL,34,43,22,557.90,"12,273.80"
2026-02-24,545,2026022405013871,BHPL,34,43,90,557.90,"50,211.00"
2026-02-24,546,2026022405013870,BHPL,34,43,50,556.90,"27,845.00"
2026-02-24,547,2026022405013544,BHPL,29,4,46,550.00,"25,300.00"
2026-02-24,548,2026022405013810,BHPL,34,4,"1,197",550.00,"658,350.00"
2026-02-24,549,2026022405013774,BHPL,36,58,171,549.90,"94,032.90"
2026-02-24,550,2026022405013770,BHPL,60,4,400,550.00,"220,000.00"
2026-02-24,551,2026022405013749,BHPL,36,4,25,549.90,"13,747.50"
2026-02-24,552,2026022405013739,BHPL,36,36,180,549.90,"98,982.00"
2026-02-24,553,2026022405013738,BHPL,36,36,100,549.90,"54,990.00"
2026-02-24,554,2026022405013816,BHPL,34,22,100,553.00,"55,300.00"
2026-02-24,555,2026022405013815,BHPL,34,62,10,553.00,"5,530.00"
2026-02-24,556,2026022405013814,BHPL,34,21,38,553.00,"21,014.00"
2026-02-24,557,2026022405013813,BHPL,34,42,10,552.00,"5,520.00"
2026-02-24,558,2026022405013812,BHPL,34,38,200,550.00,"110,000.00"
2026-02-24,559,2026022405013811,BHPL,34,21,95,550.00,"52,250.00"
2026-02-24,560,2026022405013863,BHPL,34,49,100,555.00,"55,500.00"
2026-02-24,561,2026022405013862,BHPL,34,59,10,554.00,"5,540.00"
2026-02-24,562,2026022405013861,BHPL,34,34,50,554.00,"27,700.00"
2026-02-24,563,2026022405013860,BHPL,34,42,228,553.50,"126,198.00"
2026-02-24,564,2026022405013818,BHPL,34,42,310,553.50,"171,585.00"
2026-02-24,565,2026022405013817,BHPL,34,43,40,553.40,"22,136.00"
2026-02-24,566,2026022405013869,BHPL,34,59,20,556.00,"11,120.00"
2026-02-24,567,2026022405013868,BHPL,34,35,50,555.00,"27,750.00"
2026-02-24,568,2026022405013867,BHPL,34,42,10,555.00,"5,550.00"
2026-02-24,569,2026022405013866,BHPL,34,81,10,555.00,"5,550.00"
2026-02-24,570,2026022405013865,BHPL,34,99,337,555.00,"187,035.00"
2026-02-24,571,2026022405013864,BHPL,34,59,23,555.00,"12,765.00"
2026-02-24,572,2026022405013904,BNHC,50,58,3,338.50,"1,015.50"
2026-02-24,573,2026022405013703,BNHC,81,50,100,340.00,"34,000.00"
2026-02-24,574,2026022405013591,BNHC,59,50,200,341.00,"68,200.00"
2026-02-24,575,2026022405013879,CHDC,7,48,108,"2,531.50","273,402.00"
2026-02-24,576,2026022405013878,CHDC,100,48,78,"2,533.00","197,574.00"
2026-02-24,577,2026022405013877,CHDC,100,48,200,"2,535.00","507,000.00"
2026-02-24,578,2026022405013829,CHDC,57,59,10,"2,533.10","25,331.00"
2026-02-24,579,2026022405013802,CHDC,57,83,490,"2,533.10","1,241,219.00"
2026-02-24,580,2026022405013801,CHDC,45,83,10,"2,535.00","25,350.00"
2026-02-24,581,2026022405013470,CHDC,29,22,20,"2,531.20","50,624.00"
2026-02-24,582,2026022405013469,CHDC,43,22,10,"2,531.30","25,313.00"
2026-02-24,583,2026022405013468,CHDC,75,22,30,"2,531.30","75,939.00"
2026-02-24,584,2026022405013467,CHDC,43,22,10,"2,531.40","25,314.00"
2026-02-24,585,2026022405013798,CHDC,45,38,290,"2,535.00","735,150.00"
2026-02-24,586,2026022405013695,CHDC,100,29,12,"2,533.00","30,396.00"
2026-02-24,587,2026022405013676,CHDC,100,59,10,"2,533.00","25,330.00"
2026-02-24,588,2026022405013620,CHDC,100,38,200,"2,535.00","507,000.00"
2026-02-24,589,2026022405013541,CHDC,57,38,10,"2,535.00","25,350.00"
2026-02-24,590,2026022405013510,CHDC,29,62,10,"2,531.20","25,312.00"
2026-02-24,591,2026022405013890,CIT,49,57,25,"1,750.10","43,752.50"
2026-02-24,592,2026022405013734,CIT,46,72,5,"1,753.00","8,765.00"
2026-02-24,593,2026022405013605,CKHL,39,84,10,675.00,"6,750.00"
2026-02-24,594,2026022405013520,CKHL,77,84,"2,790",675.00,"1,883,250.00"
2026-02-24,595,2026022405013458,CKHL,77,58,10,675.00,"6,750.00"
2026-02-24,596,2026022405013883,CLI,39,58,13,456.10,"5,929.30"
2026-02-24,597,2026022405013855,CLI,55,57,11,456.10,"5,017.10"
2026-02-24,598,2026022405013622,CLI,55,6,50,456.10,"22,805.00"
2026-02-24,599,2026022405013611,CLI,39,42,13,460.00,"5,980.00"
2026-02-24,600,2026022405013549,CLI,29,54,10,460.00,"4,600.00"
2026-02-24,601,2026022405013454,CLI,55,6,13,456.10,"5,929.30"
2026-02-24,602,2026022405013751,DORDI,7,26,189,275.00,"51,975.00"
2026-02-24,603,2026022405013750,DORDI,7,35,61,275.00,"16,775.00"
2026-02-24,604,2026022405013677,DORDI,32,35,20,275.00,"5,500.00"
2026-02-24,605,2026022405013674,DORDI,81,42,300,274.20,"82,260.00"
2026-02-24,606,2026022405013826,EHPL,42,34,131,409.90,"53,696.90"
2026-02-24,607,2026022405013825,EHPL,42,70,69,409.90,"28,283.10"
2026-02-24,608,2026022405013670,EHPL,58,70,31,409.90,"12,706.90"
2026-02-24,609,2026022405013669,EHPL,58,41,100,409.90,"40,990.00"
2026-02-24,610,2026022405013668,EHPL,58,25,10,408.00,"4,080.00"
2026-02-24,611,2026022405013667,EHPL,58,49,10,408.00,"4,080.00"
2026-02-24,612,2026022405013666,EHPL,58,25,500,407.50,"203,750.00"
2026-02-24,613,2026022405013665,EHPL,58,22,200,407.00,"81,400.00"
2026-02-24,614,2026022405013664,EHPL,58,25,64,406.90,"26,041.60"
2026-02-24,615,2026022405013663,EHPL,58,34,85,406.60,"34,561.00"
2026-02-24,616,2026022405013533,EHPL,58,34,180,406.60,"73,188.00"
2026-02-24,617,2026022405013532,EHPL,58,42,20,406.50,"8,130.00"
2026-02-24,618,2026022405013627,ENL,49,11,1,895.00,895.00
2026-02-24,619,2026022405013580,ENL,44,42,100,900.00,"90,000.00"
2026-02-24,620,2026022405013853,GCIL,58,44,1,409.00,409.00
2026-02-24,621,2026022405013646,GCIL,42,58,4,409.00,"1,636.00"
2026-02-24,622,2026022405013797,GCIL,58,58,1,409.00,409.00
2026-02-24,623,2026022405013753,GCIL,58,45,1,409.00,409.00
2026-02-24,624,2026022405013737,GCIL,58,58,1,409.00,409.00
2026-02-24,625,2026022405013917,GIBF1,10,42,100,10.66,"1,066.00"
2026-02-24,626,2026022405013626,GVL,45,34,100,482.10,"48,210.00"
2026-02-24,627,2026022405013519,GVL,99,58,478,484.00,"231,352.00"
2026-02-24,628,2026022405013518,GVL,99,57,350,483.10,"169,085.00"
2026-02-24,629,2026022405013517,GVL,99,5,11,483.00,"5,313.00"
2026-02-24,630,2026022405013516,GVL,99,41,150,483.00,"72,450.00"
2026-02-24,631,2026022405013515,GVL,99,57,11,483.00,"5,313.00"
2026-02-24,632,2026022405013509,GVL,94,56,180,482.00,"86,760.00"
2026-02-24,633,2026022405013905,HATHY,49,35,9,893.00,"8,037.00"
2026-02-24,634,2026022405013892,HATHY,19,48,10,894.00,"8,940.00"
2026-02-24,635,2026022405013850,HATHY,22,7,27,893.50,"24,124.50"
2026-02-24,636,2026022405013887,HDL,16,48,85,"1,136.10","96,568.50"
2026-02-24,637,2026022405013886,HDL,25,48,40,"1,136.20","45,448.00"
2026-02-24,638,2026022405013885,HDL,22,48,23,"1,136.20","26,132.60"
2026-02-24,639,2026022405013884,HDL,59,48,32,"1,136.30","36,361.60"
2026-02-24,640,2026022405013821,HDL,59,54,40,"1,136.30","45,452.00"
2026-02-24,641,2026022405013453,HDL,59,89,24,"1,136.50","27,276.00"
2026-02-24,642,2026022405013602,HDL,63,43,78,"1,136.40","88,639.20"
2026-02-24,643,2026022405013601,HDL,6,43,10,"1,136.50","11,365.00"
2026-02-24,644,2026022405013600,HDL,42,43,62,"1,137.00","70,494.00"
2026-02-24,645,2026022405013504,HDL,42,28,18,"1,136.50","20,457.00"
2026-02-24,646,2026022405013485,HDL,36,51,99,"1,137.80","112,642.20"
2026-02-24,647,2026022405013707,HDL,42,35,64,"1,138.00","72,832.00"
2026-02-24,648,2026022405013706,HDL,42,39,"1,307","1,138.00","1,487,366.00"
2026-02-24,649,2026022405013705,HDL,42,45,212,"1,137.90","241,234.80"
2026-02-24,650,2026022405013704,HDL,42,37,20,"1,137.00","22,740.00"
2026-02-24,651,2026022405013679,HDL,59,90,28,"1,136.30","31,816.40"
2026-02-24,652,2026022405013678,HDL,63,90,22,"1,136.40","25,000.80"
2026-02-24,653,2026022405013709,HDL,42,56,236,"1,138.00","268,568.00"
2026-02-24,654,2026022405013708,HDL,42,52,161,"1,138.00","183,218.00"
2026-02-24,655,2026022405013903,HHL,51,19,10,333.10,"3,331.00"
2026-02-24,656,2026022405013805,HHL,37,7,100,333.50,"33,350.00"
2026-02-24,657,2026022405013720,HHL,74,3,10,333.70,"3,337.00"
2026-02-24,658,2026022405013616,HHL,49,32,"1,000",333.60,"333,600.00"
2026-02-24,659,2026022405013553,HHL,74,49,150,333.50,"50,025.00"
2026-02-24,660,2026022405013899,HIDCL,4,49,500,259.00,"129,500.00"
2026-02-24,661,2026022405013819,HIDCL,4,34,250,259.00,"64,750.00"
2026-02-24,662,2026022405013672,HIDCL,53,38,230,258.50,"59,455.00"
2026-02-24,663,2026022405013671,HIDCL,57,38,770,258.60,"199,122.00"
2026-02-24,664,2026022405013859,HRL,58,21,4,833.00,"3,332.00"
2026-02-24,665,2026022405013822,HRL,38,57,10,833.30,"8,333.00"
2026-02-24,666,2026022405013807,HRL,34,34,10,834.00,"8,340.00"
2026-02-24,667,2026022405013806,HRL,34,72,21,834.00,"17,514.00"
2026-02-24,668,2026022405013599,HRL,45,66,50,834.00,"41,700.00"
2026-02-24,669,2026022405013576,HRL,45,42,123,834.00,"102,582.00"
2026-02-24,670,2026022405013430,HRL,42,14,10,833.50,"8,335.00"
2026-02-24,671,2026022405013483,HRL,45,95,"1,980",834.00,"1,651,320.00"
2026-02-24,672,2026022405013482,HRL,45,49,10,834.00,"8,340.00"
2026-02-24,673,2026022405013481,HRL,45,65,10,834.00,"8,340.00"
2026-02-24,674,2026022405013433,HRL,66,14,164,833.10,"136,628.40"
2026-02-24,675,2026022405013432,HRL,35,14,90,833.10,"74,979.00"
2026-02-24,676,2026022405013431,HRL,7,14,236,833.20,"196,635.20"
2026-02-24,677,2026022405013550,HRL,45,35,21,834.00,"17,514.00"
2026-02-24,678,2026022405013531,HRL,45,52,10,834.00,"8,340.00"
2026-02-24,679,2026022405013502,HRL,45,19,21,834.00,"17,514.00"
2026-02-24,680,2026022405013501,HRL,45,95,20,834.00,"16,680.00"
2026-02-24,681,2026022405013500,HRL,45,33,246,833.50,"205,041.00"
2026-02-24,682,2026022405013497,HRL,55,33,20,833.50,"16,670.00"
2026-02-24,683,2026022405013719,IHL,64,29,10,518.00,"5,180.00"
2026-02-24,684,2026022405013610,IHL,38,35,75,515.00,"38,625.00"
2026-02-24,685,2026022405013726,ILI,42,35,12,434.00,"5,208.00"
2026-02-24,686,2026022405013661,ILI,42,19,12,434.00,"5,208.00"
2026-02-24,687,2026022405013480,ILI,42,52,12,434.00,"5,208.00"
2026-02-24,688,2026022405013733,MAKAR,26,4,50,528.00,"26,400.00"
2026-02-24,689,2026022405013543,MAKAR,48,4,20,528.00,"10,560.00"
2026-02-24,690,2026022405013915,MBJC,16,38,50,284.30,"14,215.00"
2026-02-24,691,2026022405013781,MBJC,58,58,10,286.00,"2,860.00"
2026-02-24,692,2026022405013780,MBJC,58,34,129,285.00,"36,765.00"
2026-02-24,693,2026022405013623,MBJC,21,34,371,285.00,"105,735.00"
2026-02-24,694,2026022405013607,MBJC,21,57,129,285.00,"36,765.00"
2026-02-24,695,2026022405013606,MBJC,38,57,71,285.00,"20,235.00"
2026-02-24,696,2026022405013508,MBJC,38,49,30,285.00,"8,550.00"
2026-02-24,697,2026022405013507,MBJC,48,49,40,285.00,"11,400.00"
2026-02-24,698,2026022405013506,MBJC,41,49,130,285.00,"37,050.00"
2026-02-24,699,2026022405013824,MEHL,63,101,163,433.60,"70,676.80"
2026-02-24,700,2026022405013823,MEHL,50,101,337,434.00,"146,258.00"
2026-02-24,701,2026022405013740,MEHL,50,49,163,434.00,"70,742.00"
2026-02-24,702,2026022405013492,MHCL,45,11,10,345.00,"3,450.00"
2026-02-24,703,2026022405013856,MHL,22,96,10,522.00,"5,220.00"
2026-02-24,704,2026022405013759,MHL,22,58,10,522.00,"5,220.00"
2026-02-24,705,2026022405013524,MHL,21,26,900,522.00,"469,800.00"
2026-02-24,706,2026022405013523,MHL,21,45,100,522.00,"52,200.00"
2026-02-24,707,2026022405013835,MKHC,58,92,100,315.00,"31,500.00"
2026-02-24,708,2026022405013834,MKHC,57,92,150,315.00,"47,250.00"
2026-02-24,709,2026022405013833,MKHC,40,92,50,315.00,"15,750.00"
2026-02-24,710,2026022405013832,MKHC,57,92,100,315.00,"31,500.00"
2026-02-24,711,2026022405013831,MKHC,35,92,500,315.10,"157,550.00"
2026-02-24,712,2026022405013880,MKJC,62,54,45,528.00,"23,760.00"
2026-02-24,713,2026022405013427,MKJC,45,54,250,528.00,"132,000.00"
2026-02-24,714,2026022405013618,MMF1,48,38,200,9.62,"1,924.00"
2026-02-24,715,2026022405013530,MMF1,48,45,200,9.61,"1,922.00"
2026-02-24,716,2026022405013529,MMF1,48,49,110,9.61,"1,057.10"
2026-02-24,717,2026022405013528,MMF1,48,58,100,9.60,960.00
2026-02-24,718,2026022405013527,MMF1,48,95,100,9.60,960.00
2026-02-24,719,2026022405013526,MMF1,48,57,200,9.50,"1,900.00"
2026-02-24,720,2026022405013525,MMF1,48,58,100,9.50,950.00
2026-02-24,721,2026022405013424,MMF1,48,26,200,9.43,"1,886.00"
2026-02-24,722,2026022405013423,MMF1,48,8,"4,850",9.43,"45,735.50"
2026-02-24,723,2026022405013584,MMKJL,58,98,10,558.30,"5,583.00"
2026-02-24,724,2026022405013894,MSHL,62,4,20,793.00,"15,860.00"
2026-02-24,725,2026022405013589,MSHL,62,52,10,793.00,"7,930.00"
2026-02-24,726,2026022405013916,NIFRA,34,26,14,258.00,"3,612.00"
2026-02-24,727,2026022405013876,NIFRA,62,26,486,258.90,"125,825.40"
2026-02-24,728,2026022405013875,NIFRA,62,17,50,258.90,"12,945.00"
2026-02-24,729,2026022405013874,NIFRA,62,49,30,258.50,"7,755.00"
2026-02-24,730,2026022405013873,NIFRA,62,6,34,258.20,"8,778.80"
2026-02-24,731,2026022405013796,NIFRA,34,14,10,258.00,"2,580.00"
2026-02-24,732,2026022405013486,NIFRA,57,51,4,255.00,"1,020.00"
2026-02-24,733,2026022405013441,NIFRA,49,58,724,258.10,"186,864.40"
2026-02-24,734,2026022405013621,NIFRA,34,98,54,258.00,"13,932.00"
2026-02-24,735,2026022405013548,NIFRA,58,98,10,258.10,"2,581.00"
2026-02-24,736,2026022405013490,NIFRA,48,45,131,258.00,"33,798.00"
2026-02-24,737,2026022405013489,NIFRA,58,45,100,258.00,"25,800.00"
2026-02-24,738,2026022405013488,NIFRA,49,45,"1,769",258.10,"456,578.90"
2026-02-24,739,2026022405013487,NIFRA,49,81,50,258.10,"12,905.00"
2026-02-24,740,2026022405013787,NRIC,17,32,60,"1,220.00","73,200.00"
2026-02-24,741,2026022405013660,NRIC,71,96,"22,417","1,217.50","27,292,697.50"
2026-02-24,742,2026022405013659,NRIC,66,96,20,"1,217.50","24,350.00"
2026-02-24,743,2026022405013658,NRIC,53,96,150,"1,217.50","182,625.00"
2026-02-24,744,2026022405013657,NRIC,32,96,100,"1,218.00","121,800.00"
2026-02-24,745,2026022405013656,NRIC,25,96,30,"1,218.00","36,540.00"
2026-02-24,746,2026022405013429,NRIC,40,96,100,"1,220.00","122,000.00"
2026-02-24,747,2026022405013542,NRIC,17,96,500,"1,220.00","610,000.00"
2026-02-24,748,2026022405013537,NRIC,7,96,500,"1,220.00","610,000.00"
2026-02-24,749,2026022405013505,NRIC,17,96,500,"1,220.00","610,000.00"
2026-02-24,750,2026022405013455,NRIC,17,96,"2,000","1,220.00","2,440,000.00"
2026-02-24,751,2026022405013452,NRIC,7,96,477,"1,220.00","581,940.00"
2026-02-24,752,2026022405013437,NRIC,45,96,15,"1,220.00","18,300.00"
2026-02-24,753,2026022405013649,NRIC,49,96,25,"1,219.10","30,477.50"
2026-02-24,754,2026022405013648,NRIC,28,96,100,"1,219.10","121,910.00"
2026-02-24,755,2026022405013581,NRIC,40,94,93,"1,220.00","113,460.00"
2026-02-24,756,2026022405013574,NRIC,40,94,257,"1,220.00","313,540.00"
2026-02-24,757,2026022405013573,NRIC,40,96,743,"1,220.00","906,460.00"
2026-02-24,758,2026022405013567,NRIC,35,96,500,"1,220.00","610,000.00"
2026-02-24,759,2026022405013655,NRIC,35,96,100,"1,218.00","121,800.00"
2026-02-24,760,2026022405013654,NRIC,62,96,50,"1,218.00","60,900.00"
2026-02-24,761,2026022405013653,NRIC,1,96,50,"1,218.10","60,905.00"
2026-02-24,762,2026022405013652,NRIC,1,96,500,"1,219.00","609,500.00"
2026-02-24,763,2026022405013651,NRIC,32,96,288,"1,219.00","351,072.00"
2026-02-24,764,2026022405013650,NRIC,44,96,100,"1,219.10","121,910.00"
2026-02-24,765,2026022405013803,NRM,34,34,10,419.00,"4,190.00"
2026-02-24,766,2026022405013809,NRN,62,100,250,"1,504.20","376,050.00"
2026-02-24,767,2026022405013724,NTC,35,42,82,854.60,"70,077.20"
2026-02-24,768,2026022405013723,NTC,4,42,10,854.70,"8,547.00"
2026-02-24,769,2026022405013625,NTC,42,60,55,855.00,"47,025.00"
2026-02-24,770,2026022405013457,NTC,29,60,170,855.00,"145,350.00"
2026-02-24,771,2026022405013456,NTC,29,17,30,854.70,"25,641.00"
2026-02-24,772,2026022405013434,NTC,58,17,20,854.70,"17,094.00"
2026-02-24,773,2026022405013882,NYADI,29,48,50,395.00,"19,750.00"
2026-02-24,774,2026022405013582,NYADI,40,48,100,395.00,"39,500.00"
2026-02-24,775,2026022405013577,NYADI,40,48,40,395.00,"15,800.00"
2026-02-24,776,2026022405013575,NYADI,42,48,134,395.00,"52,930.00"
2026-02-24,777,2026022405013771,PHCL,57,52,10,286.00,"2,860.00"
2026-02-24,778,2026022405013745,PHCL,57,49,20,286.00,"5,720.00"
2026-02-24,779,2026022405013699,PHCL,38,34,230,287.00,"66,010.00"
2026-02-24,780,2026022405013698,PHCL,38,84,500,286.90,"143,450.00"
2026-02-24,781,2026022405013697,PHCL,38,33,170,286.90,"48,773.00"
2026-02-24,782,2026022405013696,PHCL,38,34,100,286.80,"28,680.00"
2026-02-24,783,2026022405013446,PHCL,45,63,200,286.00,"57,200.00"
2026-02-24,784,2026022405013445,PHCL,25,63,66,286.00,"18,876.00"
2026-02-24,785,2026022405013444,PHCL,19,63,750,286.10,"214,575.00"
2026-02-24,786,2026022405013443,PHCL,57,63,30,286.10,"8,583.00"
2026-02-24,787,2026022405013442,PHCL,11,63,265,286.50,"75,922.50"
2026-02-24,788,2026022405013461,PHCL,41,33,10,286.90,"2,869.00"
2026-02-24,789,2026022405013451,PHCL,48,63,299,285.30,"85,304.70"
2026-02-24,790,2026022405013450,PHCL,59,63,100,285.60,"28,560.00"
2026-02-24,791,2026022405013449,PHCL,49,63,200,286.00,"57,200.00"
2026-02-24,792,2026022405013448,PHCL,49,63,120,286.00,"34,320.00"
2026-02-24,793,2026022405013447,PHCL,17,63,400,286.00,"114,400.00"
2026-02-24,794,2026022405013849,PPL,46,43,888,375.20,"333,177.60"
2026-02-24,795,2026022405013848,PPL,25,43,500,375.60,"187,800.00"
2026-02-24,796,2026022405013847,PPL,59,43,50,376.00,"18,800.00"
2026-02-24,797,2026022405013846,PPL,74,43,300,376.00,"112,800.00"
2026-02-24,798,2026022405013845,PPL,16,43,"1,000",376.00,"376,000.00"
2026-02-24,799,2026022405013844,PPL,74,43,"1,050",377.00,"395,850.00"
2026-02-24,800,2026022405013608,PPL,52,38,100,379.00,"37,900.00"
2026-02-24,801,2026022405013572,PPL,52,3,870,379.00,"329,730.00"
2026-02-24,802,2026022405013571,PPL,44,3,100,379.10,"37,910.00"
2026-02-24,803,2026022405013419,PPL,49,17,500,380.50,"190,250.00"
2026-02-24,804,2026022405013731,PPL,14,38,50,378.00,"18,900.00"
2026-02-24,805,2026022405013730,PPL,35,38,386,378.00,"145,908.00"
2026-02-24,806,2026022405013729,PPL,38,38,150,378.10,"56,715.00"
2026-02-24,807,2026022405013728,PPL,47,38,100,378.20,"37,820.00"
2026-02-24,808,2026022405013727,PPL,11,38,200,378.30,"75,660.00"
2026-02-24,809,2026022405013609,PPL,58,38,50,379.00,"18,950.00"
2026-02-24,810,2026022405013758,PPL,32,38,588,377.20,"221,793.60"
2026-02-24,811,2026022405013757,PPL,32,38,252,377.60,"95,155.20"
2026-02-24,812,2026022405013752,PPL,32,36,248,377.60,"93,644.80"
2026-02-24,813,2026022405013744,PPL,60,56,161,378.00,"60,858.00"
2026-02-24,814,2026022405013735,PPL,58,38,10,379.00,"3,790.00"
2026-02-24,815,2026022405013732,PPL,60,38,114,378.00,"43,092.00"
2026-02-24,816,2026022405013843,PPL,45,43,500,377.00,"188,500.00"
2026-02-24,817,2026022405013842,PPL,55,43,100,377.00,"37,700.00"
2026-02-24,818,2026022405013841,PPL,43,43,100,377.00,"37,700.00"
2026-02-24,819,2026022405013840,PPL,32,43,412,377.20,"155,406.40"
2026-02-24,820,2026022405013839,PPL,44,43,100,377.30,"37,730.00"
2026-02-24,821,2026022405013772,PPL,42,56,50,378.00,"18,900.00"
2026-02-24,822,2026022405013828,PSF,5,58,200,11.01,"2,202.00"
2026-02-24,823,2026022405013918,RFPL,64,55,20,387.00,"7,740.00"
2026-02-24,824,2026022405013777,RFPL,74,55,15,387.00,"5,805.00"
2026-02-24,825,2026022405013613,RFPL,34,43,50,387.90,"19,395.00"
2026-02-24,826,2026022405013585,RFPL,58,59,10,386.00,"3,860.00"
2026-02-24,827,2026022405013536,RFPL,81,90,10,388.00,"3,880.00"
2026-02-24,828,2026022405013535,RFPL,81,55,20,387.80,"7,756.00"
2026-02-24,829,2026022405013462,RFPL,58,18,297,386.00,"114,642.00"
2026-02-24,830,2026022405013439,RFPL,58,55,10,387.80,"3,878.00"
2026-02-24,831,2026022405013741,RHGCL,29,63,100,267.50,"26,750.00"
2026-02-24,832,2026022405013552,RHGCL,57,47,10,267.90,"2,679.00"
2026-02-24,833,2026022405013551,RHGCL,57,26,200,267.90,"53,580.00"
2026-02-24,834,2026022405013491,RHGCL,57,58,60,267.20,"16,032.00"
2026-02-24,835,2026022405013466,RHGCL,35,55,200,267.10,"53,420.00"
2026-02-24,836,2026022405013465,RHGCL,56,55,200,267.10,"53,420.00"
2026-02-24,837,2026022405013422,RHGCL,17,55,50,267.20,"13,360.00"
2026-02-24,838,2026022405013896,RMF1,40,26,"1,000",9.45,"9,450.00"
2026-02-24,839,2026022405013895,RMF1,40,26,"1,000",9.40,"9,400.00"
2026-02-24,840,2026022405013888,RNLI,45,45,90,453.50,"40,815.00"
2026-02-24,841,2026022405013820,RNLI,53,19,12,453.20,"5,438.40"
2026-02-24,842,2026022405013604,RNLI,53,58,12,453.20,"5,438.40"
2026-02-24,843,2026022405013881,SAHAS,22,35,100,557.00,"55,700.00"
2026-02-24,844,2026022405013838,SAHAS,8,35,80,557.00,"44,560.00"
2026-02-24,845,2026022405013760,SAHAS,8,35,150,557.00,"83,550.00"
2026-02-24,846,2026022405013743,SAHAS,1,35,100,557.00,"55,700.00"
2026-02-24,847,2026022405013675,SAHAS,1,35,200,557.00,"111,400.00"
2026-02-24,848,2026022405013590,SAHAS,43,5,200,556.90,"111,380.00"
2026-02-24,849,2026022405013556,SAHAS,8,52,57,556.80,"31,737.60"
2026-02-24,850,2026022405013539,SAHAS,14,5,100,556.90,"55,690.00"
2026-02-24,851,2026022405013514,SAHAS,8,19,13,556.80,"7,238.40"
2026-02-24,852,2026022405013460,SAHAS,56,35,396,557.00,"220,572.00"
2026-02-24,853,2026022405013459,SAHAS,19,35,262,557.00,"145,934.00"
2026-02-24,854,2026022405013428,SAHAS,85,38,121,556.70,"67,360.70"
2026-02-24,855,2026022405013889,SANVI,95,59,10,808.30,"8,083.00"
2026-02-24,856,2026022405013722,SANVI,19,52,50,814.00,"40,700.00"
2026-02-24,857,2026022405013689,SANVI,68,6,10,808.20,"8,082.00"
2026-02-24,858,2026022405013614,SANVI,74,45,20,810.00,"16,200.00"
2026-02-24,859,2026022405013512,SANVI,68,66,190,808.20,"153,558.00"
2026-02-24,860,2026022405013511,SANVI,45,66,10,810.00,"8,100.00"
2026-02-24,861,2026022405013493,SANVI,45,45,50,810.00,"40,500.00"
2026-02-24,862,2026022405013421,SANVI,45,45,90,810.00,"72,900.00"
2026-02-24,863,2026022405013420,SANVI,25,45,10,810.00,"8,100.00"
2026-02-24,864,2026022405013688,SGHC,64,37,35,403.00,"14,105.00"
2026-02-24,865,2026022405013687,SGHC,64,34,130,402.90,"52,377.00"
2026-02-24,866,2026022405013686,SGHC,64,32,35,402.70,"14,094.50"
2026-02-24,867,2026022405013685,SGHC,64,42,50,402.00,"20,100.00"
2026-02-24,868,2026022405013684,SGHC,64,10,10,402.00,"4,020.00"
2026-02-24,869,2026022405013683,SGHC,64,58,10,402.00,"4,020.00"
2026-02-24,870,2026022405013682,SGHC,64,42,10,402.00,"4,020.00"
2026-02-24,871,2026022405013681,SGHC,64,21,10,401.00,"4,010.00"
2026-02-24,872,2026022405013680,SGHC,64,54,10,400.00,"4,000.00"
2026-02-24,873,2026022405013570,SGHC,4,64,10,400.00,"4,000.00"
2026-02-24,874,2026022405013569,SGHC,58,64,120,400.00,"48,000.00"
2026-02-24,875,2026022405013854,SHIVM,58,40,30,611.00,"18,330.00"
2026-02-24,876,2026022405013773,SHIVM,25,14,52,610.00,"31,720.00"
2026-02-24,877,2026022405013700,SHIVM,20,39,162,609.50,"98,739.00"
2026-02-24,878,2026022405013673,SHIVM,20,57,25,609.50,"15,237.50"
2026-02-24,879,2026022405013645,SHIVM,20,56,198,609.50,"120,681.00"
2026-02-24,880,2026022405013644,SHIVM,35,56,61,610.00,"37,210.00"
2026-02-24,881,2026022405013579,SHIVM,20,57,11,609.50,"6,704.50"
2026-02-24,882,2026022405013891,SIKLES,58,1,10,608.90,"6,089.00"
2026-02-24,883,2026022405013513,SIKLES,45,32,15,609.00,"9,135.00"
2026-02-24,884,2026022405013804,SMATA,41,58,150,772.00,"115,800.00"
2026-02-24,885,2026022405013534,SMATA,44,58,100,772.00,"77,200.00"
2026-02-24,886,2026022405013902,SMH,13,58,30,707.00,"21,210.00"
2026-02-24,887,2026022405013901,SMH,13,67,352,707.00,"248,864.00"
2026-02-24,888,2026022405013900,SMH,13,56,10,706.90,"7,069.00"
2026-02-24,889,2026022405013827,SMH,58,56,90,706.90,"63,621.00"
2026-02-24,890,2026022405013788,SMH,34,67,100,707.00,"70,700.00"
2026-02-24,891,2026022405013775,SMH,58,67,71,707.00,"50,197.00"
2026-02-24,892,2026022405013498,SMH,6,79,50,707.00,"35,350.00"
2026-02-24,893,2026022405013426,SMH,14,11,73,705.10,"51,472.30"
2026-02-24,894,2026022405013425,SMH,77,11,150,706.00,"105,900.00"
2026-02-24,895,2026022405013603,SMH,49,67,72,707.00,"50,904.00"
2026-02-24,896,2026022405013598,SMH,7,67,200,707.00,"141,400.00"
2026-02-24,897,2026022405013554,SMH,58,67,20,707.00,"14,140.00"
2026-02-24,898,2026022405013540,SMH,39,67,"1,000",707.00,"707,000.00"
2026-02-24,899,2026022405013538,SMH,58,67,100,707.00,"70,700.00"
2026-02-24,900,2026022405013499,SMH,6,56,50,707.20,"35,360.00"
2026-02-24,901,2026022405013634,SMH,57,6,20,705.20,"14,104.00"
2026-02-24,902,2026022405013633,SMH,58,6,75,706.00,"52,950.00"
2026-02-24,903,2026022405013632,SMH,46,6,20,706.00,"14,120.00"
2026-02-24,904,2026022405013631,SMH,68,6,50,706.00,"35,300.00"
2026-02-24,905,2026022405013624,SMH,38,67,10,707.00,"7,070.00"
2026-02-24,906,2026022405013612,SMH,49,67,50,707.00,"35,350.00"
2026-02-24,907,2026022405013640,SMH,50,6,200,705.00,"141,000.00"
2026-02-24,908,2026022405013639,SMH,28,6,80,705.10,"56,408.00"
2026-02-24,909,2026022405013638,SMH,46,6,15,705.10,"10,576.50"
2026-02-24,910,2026022405013637,SMH,50,6,200,705.10,"141,020.00"
2026-02-24,911,2026022405013636,SMH,14,6,27,705.10,"19,037.70"
2026-02-24,912,2026022405013635,SMH,8,6,40,705.20,"28,208.00"
2026-02-24,913,2026022405013763,SMH,58,88,100,705.00,"70,500.00"
2026-02-24,914,2026022405013762,SMH,4,88,84,705.00,"59,220.00"
2026-02-24,915,2026022405013761,SMH,58,88,20,706.00,"14,120.00"
2026-02-24,916,2026022405013643,SMH,4,6,16,705.00,"11,280.00"
2026-02-24,917,2026022405013642,SMH,58,6,15,705.00,"10,575.00"
2026-02-24,918,2026022405013641,SMH,62,6,200,705.00,"141,000.00"
2026-02-24,919,2026022405013769,SMH,49,88,454,705.00,"320,070.00"
2026-02-24,920,2026022405013768,SMH,62,88,100,705.00,"70,500.00"
2026-02-24,921,2026022405013767,SMH,57,88,10,705.00,"7,050.00"
2026-02-24,922,2026022405013766,SMH,46,88,22,705.00,"15,510.00"
2026-02-24,923,2026022405013765,SMH,48,88,10,705.00,"7,050.00"
2026-02-24,924,2026022405013764,SMH,48,88,200,705.00,"141,000.00"
2026-02-24,925,2026022405013897,SMHL,5,101,20,460.00,"9,200.00"
2026-02-24,926,2026022405013893,SMHL,77,101,215,460.00,"98,900.00"
2026-02-24,927,2026022405013857,SMHL,21,101,100,460.00,"46,000.00"
2026-02-24,928,2026022405013830,SMHL,40,101,500,460.00,"230,000.00"
2026-02-24,929,2026022405013778,SMHL,58,101,100,460.00,"46,000.00"
2026-02-24,930,2026022405013746,SMHL,25,101,10,460.00,"4,600.00"
2026-02-24,931,2026022405013628,SMHL,41,33,87,461.00,"40,107.00"
2026-02-24,932,2026022405013547,SMHL,21,33,50,461.30,"23,065.00"
2026-02-24,933,2026022405013546,SMHL,29,33,318,461.30,"146,693.40"
2026-02-24,934,2026022405013545,SMHL,16,33,45,461.40,"20,763.00"
2026-02-24,935,2026022405013471,SMHL,35,52,100,462.00,"46,200.00"
2026-02-24,936,2026022405013712,SMHL,38,60,500,460.10,"230,050.00"
2026-02-24,937,2026022405013711,SMHL,41,60,413,461.30,"190,516.90"
2026-02-24,938,2026022405013710,SMHL,39,60,100,461.40,"46,140.00"
2026-02-24,939,2026022405013702,SMHL,40,58,35,462.00,"16,170.00"
2026-02-24,940,2026022405013701,SMHL,40,36,965,462.00,"445,830.00"
2026-02-24,941,2026022405013629,SMHL,58,36,35,462.00,"16,170.00"
2026-02-24,942,2026022405013718,SMHL,45,60,142,459.10,"65,192.20"
2026-02-24,943,2026022405013717,SMHL,58,60,100,460.00,"46,000.00"
2026-02-24,944,2026022405013716,SMHL,22,60,200,460.00,"92,000.00"
2026-02-24,945,2026022405013715,SMHL,58,60,435,460.00,"200,100.00"
2026-02-24,946,2026022405013714,SMHL,48,60,10,460.00,"4,600.00"
2026-02-24,947,2026022405013713,SMHL,58,60,100,460.00,"46,000.00"
2026-02-24,948,2026022405013779,SPC,11,55,100,490.00,"49,000.00"
2026-02-24,949,2026022405013776,SPC,32,55,140,490.00,"68,600.00"
2026-02-24,950,2026022405013748,SPC,32,5,160,490.00,"78,400.00"
2026-02-24,951,2026022405013747,SPC,6,5,100,491.90,"49,190.00"
2026-02-24,952,2026022405013721,SPC,74,5,40,492.00,"19,680.00"
2026-02-24,953,2026022405013756,SPHL,55,46,10,536.00,"5,360.00"
2026-02-24,954,2026022405013755,SPHL,55,83,50,536.00,"26,800.00"
2026-02-24,955,2026022405013754,SPHL,55,53,25,536.00,"13,400.00"
2026-02-24,956,2026022405013630,SPHL,44,59,100,535.00,"53,500.00"
2026-02-24,957,2026022405013615,SPHL,7,58,10,533.50,"5,335.00"
2026-02-24,958,2026022405013555,SPHL,7,58,100,533.50,"53,350.00"
2026-02-24,959,2026022405013440,SPHL,34,65,100,535.00,"53,500.00"
2026-02-24,960,2026022405013662,SPL,56,47,10,698.10,"6,981.00"
2026-02-24,961,2026022405013619,SPL,77,84,"3,000",699.00,"2,097,000.00"
2026-02-24,962,2026022405013725,TAMOR,26,38,480,411.80,"197,664.00"
2026-02-24,963,2026022405013898,TPC,55,19,45,385.00,"17,325.00"
2026-02-24,964,2026022405013566,TPC,58,58,170,388.00,"65,960.00"
2026-02-24,965,2026022405013565,TPC,58,95,100,388.00,"38,800.00"
2026-02-24,966,2026022405013564,TPC,58,42,800,388.00,"310,400.00"
2026-02-24,967,2026022405013557,TPC,58,45,110,384.00,"42,240.00"
2026-02-24,968,2026022405013463,TPC,43,21,200,382.20,"76,440.00"
2026-02-24,969,2026022405013563,TPC,58,11,200,387.70,"77,540.00"
2026-02-24,970,2026022405013562,TPC,58,34,500,387.70,"193,850.00"
2026-02-24,971,2026022405013561,TPC,58,42,10,387.70,"3,877.00"
2026-02-24,972,2026022405013560,TPC,58,58,20,387.70,"7,754.00"
2026-02-24,973,2026022405013559,TPC,58,13,70,386.00,"27,020.00"
2026-02-24,974,2026022405013558,TPC,58,21,20,385.00,"7,700.00"
2026-02-24,975,2026022405013837,TVCL,60,48,36,652.20,"23,479.20"
2026-02-24,976,2026022405013836,TVCL,35,48,14,653.00,"9,142.00"
2026-02-24,977,2026022405013786,TVCL,35,60,286,653.00,"186,758.00"
2026-02-24,978,2026022405013785,TVCL,37,60,200,653.00,"130,600.00"
2026-02-24,979,2026022405013784,TVCL,75,60,20,654.00,"13,080.00"
2026-02-24,980,2026022405013783,TVCL,25,60,100,655.10,"65,510.00"
2026-02-24,981,2026022405013736,TVCL,85,60,350,656.00,"229,600.00"
2026-02-24,982,2026022405013522,TVCL,101,60,44,657.00,"28,908.00"
2026-02-24,983,2026022405013694,ULHC,58,17,420,528.00,"221,760.00"
2026-02-24,984,2026022405013693,ULHC,49,17,340,528.00,"179,520.00"
2026-02-24,985,2026022405013692,ULHC,39,17,130,528.20,"68,666.00"
2026-02-24,986,2026022405013691,ULHC,45,17,100,528.20,"52,820.00"
2026-02-24,987,2026022405013690,ULHC,60,17,500,528.30,"264,150.00"
2026-02-24,988,2026022405013597,ULHC,11,32,21,530.00,"11,130.00"
2026-02-24,989,2026022405013484,ULHC,34,74,50,529.00,"26,450.00"
2026-02-24,990,2026022405013464,ULHC,49,38,10,528.00,"5,280.00"
2026-02-24,991,2026022405013438,ULHC,56,74,131,529.00,"69,299.00"
2026-02-24,992,2026022405013436,ULHC,40,74,90,529.00,"47,610.00"
2026-02-24,993,2026022405013435,ULHC,40,6,10,528.90,"5,289.00"
2026-02-24,994,2026022405013596,ULHC,11,62,200,530.00,"106,000.00"
2026-02-24,995,2026022405013595,ULHC,11,34,10,530.00,"5,300.00"
2026-02-24,996,2026022405013594,ULHC,11,6,200,529.70,"105,940.00"
2026-02-24,997,2026022405013593,ULHC,11,74,59,529.00,"31,211.00"
2026-02-24,998,2026022405013592,ULHC,11,57,10,528.90,"5,289.00"
2026-02-24,999,2026022405013583,ULHC,41,57,50,528.90,"26,445.00"
2026-02-24,1000,2026022405013521,USHL,48,43,40,719.00,"28,760.00"
2026-02-24,1001,2026022405013035,AHL,45,34,200,505.00,"101,000.00"
2026-02-24,1002,2026022405013034,AHL,40,34,10,505.10,"5,051.00"
2026-02-24,1003,2026022405013033,AHL,57,34,10,505.10,"5,051.00"
2026-02-24,1004,2026022405013032,AHL,41,34,20,505.20,"10,104.00"
2026-02-24,1005,2026022405012987,AHL,41,35,30,505.20,"15,156.00"
2026-02-24,1006,2026022405013111,BEDC,38,56,69,510.00,"35,190.00"
2026-02-24,1007,2026022405013110,BEDC,22,56,10,511.10,"5,111.00"
2026-02-24,1008,2026022405013109,BEDC,3,56,10,511.20,"5,112.00"
2026-02-24,1009,2026022405013108,BEDC,51,56,15,514.00,"7,710.00"
2026-02-24,1010,2026022405013365,BHDC,42,34,10,470.00,"4,700.00"
2026-02-24,1011,2026022405013314,BHDC,84,48,10,467.10,"4,671.00"
2026-02-24,1012,2026022405013311,BHDC,84,29,"1,017",467.10,"475,040.70"
2026-02-24,1013,2026022405013310,BHDC,38,29,300,467.10,"140,130.00"
2026-02-24,1014,2026022405013309,BHDC,49,29,200,467.20,"93,440.00"
2026-02-24,1015,2026022405013308,BHDC,41,29,100,468.00,"46,800.00"
2026-02-24,1016,2026022405013087,BHDC,42,29,60,468.50,"28,110.00"
2026-02-24,1017,2026022405013086,BHDC,57,29,30,468.60,"14,058.00"
2026-02-24,1018,2026022405013085,BHDC,42,29,100,469.00,"46,900.00"
2026-02-24,1019,2026022405013084,BHDC,42,29,400,469.00,"187,600.00"
2026-02-24,1020,2026022405013307,BHDC,22,29,20,468.00,"9,360.00"
2026-02-24,1021,2026022405013306,BHDC,4,29,73,468.00,"34,164.00"
2026-02-24,1022,2026022405013305,BHDC,34,29,100,468.10,"46,810.00"
2026-02-24,1023,2026022405013304,BHDC,42,29,140,468.20,"65,548.00"
2026-02-24,1024,2026022405013303,BHDC,42,29,"1,050",469.00,"492,450.00"
2026-02-24,1025,2026022405013088,BHDC,42,29,60,468.20,"28,092.00"
2026-02-24,1026,2026022405013295,BHL,38,32,30,197.20,"5,916.00"
2026-02-24,1027,2026022405013212,BHL,48,5,500,197.50,"98,750.00"
2026-02-24,1028,2026022405013201,BHL,62,5,97,197.50,"19,157.50"
2026-02-24,1029,2026022405013178,BHL,44,5,980,197.50,"193,550.00"
2026-02-24,1030,2026022405013148,BHL,5,5,300,197.50,"59,250.00"
2026-02-24,1031,2026022405013131,BHL,29,5,20,197.50,"3,950.00"
2026-02-24,1032,2026022405012981,BHL,21,38,425,197.50,"83,937.50"
2026-02-24,1033,2026022405012977,BHL,21,11,50,197.50,"9,875.00"
2026-02-24,1034,2026022405012930,BHL,58,6,52,197.40,"10,264.80"
2026-02-24,1035,2026022405012929,BHL,58,6,100,197.40,"19,740.00"
2026-02-24,1036,2026022405013097,BHL,62,51,138,197.10,"27,199.80"
2026-02-24,1037,2026022405013096,BHL,34,51,104,197.40,"20,529.60"
2026-02-24,1038,2026022405013095,BHL,58,51,48,197.40,"9,475.20"
2026-02-24,1039,2026022405013094,BHL,18,51,600,197.50,"118,500.00"
2026-02-24,1040,2026022405013093,BHL,21,51,525,197.50,"103,687.50"
2026-02-24,1041,2026022405013007,BHL,58,25,20,197.60,"3,952.00"
2026-02-24,1042,2026022405013292,BHPL,11,4,300,550.00,"165,000.00"
2026-02-24,1043,2026022405013129,BHPL,60,4,200,550.00,"110,000.00"
2026-02-24,1044,2026022405013031,BHPL,59,4,100,550.00,"55,000.00"
2026-02-24,1045,2026022405013069,BNHC,20,50,240,341.00,"81,840.00"
2026-02-24,1046,2026022405013068,BNHC,8,50,51,341.20,"17,401.20"
2026-02-24,1047,2026022405012991,BNHC,20,33,50,341.00,"17,050.00"
2026-02-24,1048,2026022405013360,CHDC,45,45,2,"2,536.00","5,072.00"
2026-02-24,1049,2026022405013327,CHDC,42,59,10,"2,535.00","25,350.00"
2026-02-24,1050,2026022405013260,CHDC,57,66,10,"2,543.00","25,430.00"
2026-02-24,1051,2026022405013235,CHDC,45,34,2,"2,530.00","5,060.00"
2026-02-24,1052,2026022405013234,CHDC,22,66,10,"2,543.00","25,430.00"
2026-02-24,1053,2026022405013200,CHDC,47,59,25,"2,532.10","63,302.50"
2026-02-24,1054,2026022405013145,CHDC,39,16,40,"2,544.00","101,760.00"
2026-02-24,1055,2026022405013144,CHDC,39,52,10,"2,543.00","25,430.00"
2026-02-24,1056,2026022405013067,CHDC,57,52,10,"2,543.00","25,430.00"
2026-02-24,1057,2026022405013418,CIT,46,48,44,"1,753.00","77,132.00"
2026-02-24,1058,2026022405013380,CLI,55,35,13,456.10,"5,929.30"
2026-02-24,1059,2026022405013101,CLI,55,14,13,456.10,"5,929.30"
2026-02-24,1060,2026022405013413,DORDI,54,35,40,275.00,"11,000.00"
2026-02-24,1061,2026022405013361,DORDI,49,35,10,275.00,"2,750.00"
2026-02-24,1062,2026022405013122,DORDI,16,35,50,275.00,"13,750.00"
2026-02-24,1063,2026022405013070,DORDI,55,35,19,275.00,"5,225.00"
2026-02-24,1064,2026022405013029,DORDI,55,52,20,275.00,"5,500.00"
2026-02-24,1065,2026022405012921,DORDI,55,21,11,275.00,"3,025.00"
2026-02-24,1066,2026022405013262,EHPL,63,1,200,405.20,"81,040.00"
2026-02-24,1067,2026022405013261,EHPL,21,1,55,405.30,"22,291.50"
2026-02-24,1068,2026022405013205,EHPL,21,81,445,405.30,"180,358.50"
2026-02-24,1069,2026022405013204,EHPL,58,81,36,405.40,"14,594.40"
2026-02-24,1070,2026022405013203,EHPL,32,81,20,405.50,"8,110.00"
2026-02-24,1071,2026022405013121,EHPL,36,38,"1,000",406.00,"406,000.00"
2026-02-24,1072,2026022405012927,EHPL,58,91,64,406.00,"25,984.00"
2026-02-24,1073,2026022405013394,GCIL,42,55,77,412.00,"31,724.00"
2026-02-24,1074,2026022405013393,GCIL,42,54,23,412.00,"9,476.00"
2026-02-24,1075,2026022405013319,GCIL,57,26,11,412.00,"4,532.00"
2026-02-24,1076,2026022405013296,GCIL,52,58,10,412.00,"4,120.00"
2026-02-24,1077,2026022405012924,GCIL,58,47,1,408.00,408.00
2026-02-24,1078,2026022405013391,GVL,52,56,213,482.50,"102,772.50"
2026-02-24,1079,2026022405013364,GVL,4,56,100,482.80,"48,280.00"
2026-02-24,1080,2026022405013124,GVL,74,58,100,482.80,"48,280.00"
2026-02-24,1081,2026022405012992,GVL,33,55,20,482.80,"9,656.00"
2026-02-24,1082,2026022405013136,GVL,52,53,87,482.50,"41,977.50"
2026-02-24,1083,2026022405013135,GVL,74,53,13,482.90,"6,277.70"
2026-02-24,1084,2026022405013127,GVL,74,38,300,482.90,"144,870.00"
2026-02-24,1085,2026022405013126,GVL,74,35,10,482.90,"4,829.00"
2026-02-24,1086,2026022405013125,GVL,74,48,103,482.90,"49,738.70"
2026-02-24,1087,2026022405013264,HATHY,42,35,18,893.50,"16,083.00"
2026-02-24,1088,2026022405013036,HDL,54,56,85,"1,137.00","96,645.00"
2026-02-24,1089,2026022405012965,HDL,42,56,15,"1,137.00","17,055.00"
2026-02-24,1090,2026022405013146,HDL,49,96,56,"1,137.00","63,672.00"
2026-02-24,1091,2026022405013132,HDL,90,34,20,"1,136.50","22,730.00"
2026-02-24,1092,2026022405013106,HDL,42,96,44,"1,137.00","50,028.00"
2026-02-24,1093,2026022405013100,HDL,42,21,71,"1,137.00","80,727.00"
2026-02-24,1094,2026022405013099,HDL,54,21,15,"1,137.00","17,055.00"
2026-02-24,1095,2026022405013080,HDL,13,39,30,"1,138.00","34,140.00"
2026-02-24,1096,2026022405013198,HDL,90,45,276,"1,136.50","313,674.00"
2026-02-24,1097,2026022405013197,HDL,13,45,24,"1,137.00","27,288.00"
2026-02-24,1098,2026022405013157,HDL,46,42,6,"1,136.00","6,816.00"
2026-02-24,1099,2026022405013417,HHL,59,49,100,333.50,"33,350.00"
2026-02-24,1100,2026022405013294,HHL,74,34,110,333.10,"36,641.00"
2026-02-24,1101,2026022405013293,HHL,45,34,90,333.50,"30,015.00"
2026-02-24,1102,2026022405013291,HHL,45,34,100,333.50,"33,350.00"
2026-02-24,1103,2026022405013385,HIDCL,53,45,200,258.50,"51,700.00"
2026-02-24,1104,2026022405013347,HIDCL,6,17,63,260.00,"16,380.00"
2026-02-24,1105,2026022405013346,HIDCL,6,52,160,260.00,"41,600.00"
2026-02-24,1106,2026022405013345,HIDCL,6,41,37,260.00,"9,620.00"
2026-02-24,1107,2026022405013344,HIDCL,6,50,"2,000",260.00,"520,000.00"
2026-02-24,1108,2026022405013343,HIDCL,6,55,300,260.00,"78,000.00"
2026-02-24,1109,2026022405013089,HIDCL,72,58,778,259.00,"201,502.00"
2026-02-24,1110,2026022405012986,HIDCL,72,16,10,259.00,"2,590.00"
2026-02-24,1111,2026022405013253,HIDCL,67,60,47,259.00,"12,173.00"
2026-02-24,1112,2026022405013176,HIDCL,6,60,100,259.00,"25,900.00"
2026-02-24,1113,2026022405013147,HIDCL,40,60,16,259.00,"4,144.00"
2026-02-24,1114,2026022405013092,HIDCL,47,60,500,259.00,"129,500.00"
2026-02-24,1115,2026022405013091,HIDCL,33,60,200,259.00,"51,800.00"
2026-02-24,1116,2026022405013090,HIDCL,72,60,37,259.00,"9,583.00"
2026-02-24,1117,2026022405013342,HIDCL,6,51,590,259.90,"153,341.00"
2026-02-24,1118,2026022405013341,HIDCL,6,54,100,259.80,"25,980.00"
2026-02-24,1119,2026022405013340,HIDCL,6,58,"1,250",259.20,"324,000.00"
2026-02-24,1120,2026022405013339,HIDCL,6,32,100,259.10,"25,910.00"
2026-02-24,1121,2026022405013338,HIDCL,6,34,400,259.00,"103,600.00"
2026-02-24,1122,2026022405013322,HIDCL,6,34,400,259.00,"103,600.00"
2026-02-24,1123,2026022405013399,HRL,25,21,59,833.50,"49,176.50"
2026-02-24,1124,2026022405013378,HRL,25,94,175,833.50,"145,862.50"
2026-02-24,1125,2026022405013377,HRL,49,94,25,833.60,"20,840.00"
2026-02-24,1126,2026022405013228,HRL,25,42,10,833.50,"8,335.00"
2026-02-24,1127,2026022405013199,HRL,25,34,10,833.50,"8,335.00"
2026-02-24,1128,2026022405013196,HRL,25,39,246,833.50,"205,041.00"
2026-02-24,1129,2026022405012990,HRL,43,32,290,834.40,"241,976.00"
2026-02-24,1130,2026022405012989,HRL,43,14,10,834.20,"8,342.00"
2026-02-24,1131,2026022405012939,HRL,35,16,10,834.00,"8,340.00"
2026-02-24,1132,2026022405013014,HRL,34,39,500,834.00,"417,000.00"
2026-02-24,1133,2026022405013013,HRL,58,39,128,834.00,"106,752.00"
2026-02-24,1134,2026022405013012,HRL,35,39,500,834.00,"417,000.00"
2026-02-24,1135,2026022405013011,HRL,37,39,97,834.00,"80,898.00"
2026-02-24,1136,2026022405013010,HRL,35,39,440,834.00,"366,960.00"
2026-02-24,1137,2026022405013008,HRL,90,90,500,834.10,"417,050.00"
2026-02-24,1138,2026022405013166,HRL,58,17,1,833.00,833.00
2026-02-24,1139,2026022405013161,HRL,36,43,10,833.50,"8,335.00"
2026-02-24,1140,2026022405013128,HRL,42,32,19,834.40,"15,853.60"
2026-02-24,1141,2026022405013123,HRL,58,6,1,833.10,833.10
2026-02-24,1142,2026022405013078,HRL,90,90,500,834.10,"417,050.00"
2026-02-24,1143,2026022405013052,HRL,58,42,1,833.00,833.00
2026-02-24,1144,2026022405013195,HRL,36,39,40,833.50,"33,340.00"
2026-02-24,1145,2026022405013194,HRL,42,39,100,834.00,"83,400.00"
2026-02-24,1146,2026022405013193,HRL,38,39,95,834.40,"79,268.00"
2026-02-24,1147,2026022405013187,HRL,42,6,4,834.20,"3,336.80"
2026-02-24,1148,2026022405013186,HRL,38,5,10,834.40,"8,344.00"
2026-02-24,1149,2026022405013185,HRL,38,32,95,834.40,"79,268.00"
2026-02-24,1150,2026022405013389,ILI,5,58,13,435.00,"5,655.00"
2026-02-24,1151,2026022405013359,ILI,42,21,25,434.00,"10,850.00"
2026-02-24,1152,2026022405013325,ILI,35,21,49,434.00,"21,266.00"
2026-02-24,1153,2026022405013324,ILI,54,21,100,434.10,"43,410.00"
2026-02-24,1154,2026022405013323,ILI,42,21,88,434.10,"38,200.80"
2026-02-24,1155,2026022405013317,ILI,14,96,50,434.20,"21,710.00"
2026-02-24,1156,2026022405013316,ILI,42,96,18,434.20,"7,815.60"
2026-02-24,1157,2026022405013210,ILI,29,58,10,435.00,"4,350.00"
2026-02-24,1158,2026022405013167,ILI,38,25,10,435.00,"4,350.00"
2026-02-24,1159,2026022405013072,ILI,42,52,10,434.20,"4,342.00"
2026-02-24,1160,2026022405012919,ILI,42,14,12,434.10,"5,209.20"
2026-02-24,1161,2026022405013259,MBJC,41,69,270,285.00,"76,950.00"
2026-02-24,1162,2026022405013258,MBJC,53,69,100,285.00,"28,500.00"
2026-02-24,1163,2026022405013257,MBJC,51,69,165,285.00,"47,025.00"
2026-02-24,1164,2026022405013256,MBJC,41,69,85,285.20,"24,242.00"
2026-02-24,1165,2026022405013255,MBJC,58,69,80,285.50,"22,840.00"
2026-02-24,1166,2026022405013221,MBJC,58,58,10,286.00,"2,860.00"
2026-02-24,1167,2026022405013062,MBJC,25,34,100,285.80,"28,580.00"
2026-02-24,1168,2026022405013016,MBJC,32,16,10,285.50,"2,855.00"
2026-02-24,1169,2026022405013002,MBJC,32,21,10,285.50,"2,855.00"
2026-02-24,1170,2026022405012940,MBJC,53,34,100,285.80,"28,580.00"
2026-02-24,1171,2026022405012937,MBJC,32,81,80,285.50,"22,840.00"
2026-02-24,1172,2026022405013220,MBJC,58,7,270,285.90,"77,193.00"
2026-02-24,1173,2026022405013076,MBJC,41,100,65,285.20,"18,538.00"
2026-02-24,1174,2026022405013075,MBJC,58,100,35,285.50,"9,992.50"
2026-02-24,1175,2026022405013071,MBJC,58,7,120,285.90,"34,308.00"
2026-02-24,1176,2026022405013064,MBJC,25,7,90,285.90,"25,731.00"
2026-02-24,1177,2026022405013063,MBJC,25,43,10,285.80,"2,858.00"
2026-02-24,1178,2026022405013231,MEHL,25,1,"1,000",434.00,"434,000.00"
2026-02-24,1179,2026022405013059,MEHL,63,81,10,433.60,"4,336.00"
2026-02-24,1180,2026022405012985,MEHL,58,1,70,435.00,"30,450.00"
2026-02-24,1181,2026022405012984,MEHL,1,1,60,435.00,"26,100.00"
2026-02-24,1182,2026022405012983,MEHL,51,1,200,435.00,"87,000.00"
2026-02-24,1183,2026022405012982,MEHL,10,1,300,435.00,"130,500.00"
2026-02-24,1184,2026022405013177,MHCL,88,1,90,345.10,"31,059.00"
2026-02-24,1185,2026022405012964,MHCL,45,57,10,346.00,"3,460.00"
2026-02-24,1186,2026022405012963,MHCL,58,57,190,346.00,"65,740.00"
2026-02-24,1187,2026022405012961,MHCL,58,1,10,346.00,"3,460.00"
2026-02-24,1188,2026022405013134,MKHC,28,45,664,315.90,"209,757.60"
2026-02-24,1189,2026022405013133,MKHC,28,92,336,315.80,"106,108.80"
2026-02-24,1190,2026022405013040,MKHC,28,92,164,315.80,"51,791.20"
2026-02-24,1191,2026022405013039,MKHC,28,92,486,315.70,"153,430.20"
2026-02-24,1192,2026022405013038,MKHC,28,55,100,315.50,"31,550.00"
2026-02-24,1193,2026022405013037,MKHC,28,92,250,315.40,"78,850.00"
2026-02-24,1194,2026022405013232,MKJC,62,21,455,527.80,"240,149.00"
2026-02-24,1195,2026022405013165,MKJC,48,21,25,527.80,"13,195.00"
2026-02-24,1196,2026022405013164,MKJC,48,43,10,527.50,"5,275.00"
2026-02-24,1197,2026022405013163,MKJC,48,58,40,527.50,"21,100.00"
2026-02-24,1198,2026022405013043,MKJC,13,34,100,527.40,"52,740.00"
2026-02-24,1199,2026022405013162,MKJC,48,34,25,527.40,"13,185.00"
2026-02-24,1200,2026022405013379,MMF1,48,8,100,9.43,943.00
2026-02-24,1201,2026022405013357,MMF1,48,49,100,9.34,934.00
2026-02-24,1202,2026022405013290,MMKJL,32,81,10,558.00,"5,580.00"
2026-02-24,1203,2026022405013189,MMKJL,11,81,530,558.00,"295,740.00"
2026-02-24,1204,2026022405013130,MMKJL,38,81,200,558.00,"111,600.00"
2026-02-24,1205,2026022405012975,MMKJL,14,1,50,556.50,"27,825.00"
2026-02-24,1206,2026022405012928,NIBSF2,13,26,200,9.03,"1,806.00"
2026-02-24,1207,2026022405013383,NIFRA,71,16,146,258.20,"37,697.20"
2026-02-24,1208,2026022405013180,NIFRA,71,34,54,258.20,"13,942.80"
2026-02-24,1209,2026022405013159,NIFRA,58,35,70,259.00,"18,130.00"
2026-02-24,1210,2026022405013058,NIFRA,71,35,173,259.00,"44,807.00"
2026-02-24,1211,2026022405013057,NIFRA,71,48,50,258.90,"12,945.00"
2026-02-24,1212,2026022405013056,NIFRA,71,58,54,258.90,"13,980.60"
2026-02-24,1213,2026022405013019,NIFRA,41,45,100,258.00,"25,800.00"
2026-02-24,1214,2026022405013018,NIFRA,13,45,300,258.00,"77,400.00"
2026-02-24,1215,2026022405013017,NIFRA,83,45,522,258.00,"134,676.00"
2026-02-24,1216,2026022405012923,NIFRA,83,100,74,258.00,"19,092.00"
2026-02-24,1217,2026022405012920,NIFRA,42,8,10,258.10,"2,581.00"
2026-02-24,1218,2026022405013025,NIFRA,34,45,200,258.00,"51,600.00"
2026-02-24,1219,2026022405013024,NIFRA,41,45,500,258.00,"129,000.00"
2026-02-24,1220,2026022405013023,NIFRA,35,45,500,258.00,"129,000.00"
2026-02-24,1221,2026022405013022,NIFRA,41,45,300,258.00,"77,400.00"
2026-02-24,1222,2026022405013021,NIFRA,14,45,50,258.00,"12,900.00"
2026-02-24,1223,2026022405013020,NIFRA,35,45,95,258.00,"24,510.00"
2026-02-24,1224,2026022405013055,NIFRA,71,55,569,258.90,"147,314.10"
2026-02-24,1225,2026022405013054,NIFRA,71,40,54,258.80,"13,975.20"
2026-02-24,1226,2026022405013053,NIFRA,71,32,100,258.80,"25,880.00"
2026-02-24,1227,2026022405013028,NIFRA,49,8,44,258.10,"11,356.40"
2026-02-24,1228,2026022405013027,NIFRA,49,45,413,258.00,"106,554.00"
2026-02-24,1229,2026022405013026,NIFRA,43,45,20,258.00,"5,160.00"
2026-02-24,1230,2026022405013414,NRIC,42,96,401,"1,220.00","489,220.00"
2026-02-24,1231,2026022405013367,NRIC,58,96,35,"1,220.00","42,700.00"
2026-02-24,1232,2026022405013326,NRIC,6,96,863,"1,220.00","1,052,860.00"
2026-02-24,1233,2026022405013226,NRIC,4,96,400,"1,220.00","488,000.00"
2026-02-24,1234,2026022405013222,NRIC,28,96,100,"1,220.00","122,000.00"
2026-02-24,1235,2026022405013160,NRIC,17,96,"2,500","1,220.00","3,050,000.00"
2026-02-24,1236,2026022405013155,NRIC,28,96,100,"1,220.00","122,000.00"
2026-02-24,1237,2026022405013066,NRIC,37,96,500,"1,220.00","610,000.00"
2026-02-24,1238,2026022405013050,NRIC,52,96,80,"1,220.00","97,600.00"
2026-02-24,1239,2026022405013042,NRIC,58,96,11,"1,220.00","13,420.00"
2026-02-24,1240,2026022405013263,NRM,34,98,10,418.60,"4,186.00"
2026-02-24,1241,2026022405013302,NRN,91,36,10,"1,503.50","15,035.00"
2026-02-24,1242,2026022405013247,NRN,91,84,151,"1,503.50","227,028.50"
2026-02-24,1243,2026022405012960,NRN,91,58,101,"1,503.50","151,853.50"
2026-02-24,1244,2026022405012959,NRN,4,58,24,"1,504.10","36,098.40"
2026-02-24,1245,2026022405012958,NRN,53,58,50,"1,504.10","75,205.00"
2026-02-24,1246,2026022405012957,NRN,6,58,25,"1,504.20","37,605.00"
2026-02-24,1247,2026022405013246,NRN,7,84,250,"1,503.60","375,900.00"
2026-02-24,1248,2026022405013245,NRN,1,84,29,"1,504.00","43,616.00"
2026-02-24,1249,2026022405013219,NRN,1,98,11,"1,504.00","16,544.00"
2026-02-24,1250,2026022405013209,PHCL,101,34,680,287.00,"195,160.00"
2026-02-24,1251,2026022405013208,PHCL,101,40,150,286.90,"43,035.00"
2026-02-24,1252,2026022405013207,PHCL,101,84,490,286.90,"140,581.00"
2026-02-24,1253,2026022405013206,PHCL,101,14,680,286.80,"195,024.00"
2026-02-24,1254,2026022405013107,PHCL,25,50,140,286.00,"40,040.00"
2026-02-24,1255,2026022405013077,PHCL,25,42,10,286.00,"2,860.00"
2026-02-24,1256,2026022405013065,PHCL,41,14,150,286.80,"43,020.00"
2026-02-24,1257,2026022405012980,PHCL,58,84,10,286.90,"2,869.00"
2026-02-24,1258,2026022405012935,PHCL,41,34,10,286.90,"2,869.00"
2026-02-24,1259,2026022405013412,PPL,52,59,15,379.00,"5,685.00"
2026-02-24,1260,2026022405013397,PPL,52,34,15,379.00,"5,685.00"
2026-02-24,1261,2026022405013301,PPL,34,17,190,380.50,"72,295.00"
2026-02-24,1262,2026022405013300,PPL,34,56,500,380.00,"190,000.00"
2026-02-24,1263,2026022405013299,PPL,34,59,200,380.00,"76,000.00"
2026-02-24,1264,2026022405013298,PPL,34,41,60,380.00,"22,800.00"
2026-02-24,1265,2026022405013171,PPL,5,10,16,378.20,"6,051.20"
2026-02-24,1266,2026022405013170,PPL,11,10,100,378.30,"37,830.00"
2026-02-24,1267,2026022405013169,PPL,46,10,14,378.30,"5,296.20"
2026-02-24,1268,2026022405013168,PPL,33,10,20,378.30,"7,566.00"
2026-02-24,1269,2026022405013098,PPL,33,58,50,378.30,"18,915.00"
2026-02-24,1270,2026022405013297,PPL,34,58,50,380.00,"19,000.00"
2026-02-24,1271,2026022405013218,PPL,35,91,614,378.00,"232,092.00"
2026-02-24,1272,2026022405013217,PPL,59,91,100,378.00,"37,800.00"
2026-02-24,1273,2026022405013216,PPL,34,91,21,378.00,"7,938.00"
2026-02-24,1274,2026022405013215,PPL,45,91,781,378.00,"295,218.00"
2026-02-24,1275,2026022405013214,PPL,5,91,484,378.20,"183,048.80"
2026-02-24,1276,2026022405013411,RFPL,57,45,36,385.00,"13,860.00"
2026-02-24,1277,2026022405013410,RFPL,47,45,239,385.00,"92,015.00"
2026-02-24,1278,2026022405013409,RFPL,19,45,500,385.10,"192,550.00"
2026-02-24,1279,2026022405013408,RFPL,14,45,55,385.80,"21,219.00"
2026-02-24,1280,2026022405013407,RFPL,84,45,100,385.80,"38,580.00"
2026-02-24,1281,2026022405013406,RFPL,42,45,50,386.00,"19,300.00"
2026-02-24,1282,2026022405013073,RFPL,45,10,10,387.00,"3,870.00"
2026-02-24,1283,2026022405013048,RFPL,58,10,10,387.00,"3,870.00"
2026-02-24,1284,2026022405013041,RFPL,58,57,10,387.00,"3,870.00"
2026-02-24,1285,2026022405012962,RFPL,48,91,100,386.90,"38,690.00"
2026-02-24,1286,2026022405013183,RFPL,48,44,200,386.90,"77,380.00"
2026-02-24,1287,2026022405013182,RFPL,48,91,440,386.90,"170,236.00"
2026-02-24,1288,2026022405013156,RFPL,39,56,100,386.50,"38,650.00"
2026-02-24,1289,2026022405013152,RFPL,22,91,30,386.90,"11,607.00"
2026-02-24,1290,2026022405013149,RFPL,34,91,30,386.90,"11,607.00"
2026-02-24,1291,2026022405013141,RFPL,34,98,20,386.90,"7,738.00"
2026-02-24,1292,2026022405013398,RFPL,58,55,10,387.80,"3,878.00"
2026-02-24,1293,2026022405013388,RFPL,48,14,200,387.00,"77,400.00"
2026-02-24,1294,2026022405013387,RFPL,48,29,20,387.00,"7,740.00"
2026-02-24,1295,2026022405013386,RFPL,48,10,120,387.00,"46,440.00"
2026-02-24,1296,2026022405013384,RFPL,8,56,100,386.90,"38,690.00"
2026-02-24,1297,2026022405013184,RFPL,48,10,360,387.00,"139,320.00"
2026-02-24,1298,2026022405013405,RFPL,48,45,10,386.00,"3,860.00"
2026-02-24,1299,2026022405013404,RFPL,48,45,100,386.10,"38,610.00"
2026-02-24,1300,2026022405013403,RFPL,39,45,30,386.20,"11,586.00"
2026-02-24,1301,2026022405013402,RFPL,42,45,20,386.20,"7,724.00"
2026-02-24,1302,2026022405013401,RFPL,47,45,200,387.00,"77,400.00"
2026-02-24,1303,2026022405013400,RFPL,48,45,160,387.00,"61,920.00"
2026-02-24,1304,2026022405013415,RHGCL,6,45,100,267.90,"26,790.00"
2026-02-24,1305,2026022405013362,RHGCL,17,8,20,267.20,"5,344.00"
2026-02-24,1306,2026022405013079,RHGCL,17,98,20,267.20,"5,344.00"
2026-02-24,1307,2026022405012993,RHGCL,17,1,10,267.20,"2,672.00"
2026-02-24,1308,2026022405013363,RNLI,20,58,213,453.40,"96,574.20"
2026-02-24,1309,2026022405013315,RNLI,51,21,40,453.20,"18,128.00"
2026-02-24,1310,2026022405013213,RNLI,51,14,12,453.20,"5,438.40"
2026-02-24,1311,2026022405012994,RNLI,91,98,12,453.10,"5,437.20"
2026-02-24,1312,2026022405012988,RNLI,91,6,12,453.10,"5,437.20"
2026-02-24,1313,2026022405013227,SAHAS,8,35,850,557.00,"473,450.00"
2026-02-24,1314,2026022405013224,SAHAS,43,35,104,557.00,"57,928.00"
2026-02-24,1315,2026022405013211,SAHAS,22,35,100,557.00,"55,700.00"
2026-02-24,1316,2026022405013181,SAHAS,22,35,250,557.00,"139,250.00"
2026-02-24,1317,2026022405013173,SAHAS,1,35,105,557.00,"58,485.00"
2026-02-24,1318,2026022405013172,SAHAS,1,39,195,557.00,"108,615.00"
2026-02-24,1319,2026022405013105,SAHAS,33,39,13,557.00,"7,241.00"
2026-02-24,1320,2026022405013103,SAHAS,14,39,100,557.00,"55,700.00"
2026-02-24,1321,2026022405013102,SAHAS,57,39,124,557.00,"69,068.00"
2026-02-24,1322,2026022405012976,SAHAS,57,70,13,557.00,"7,241.00"
2026-02-24,1323,2026022405013392,SANVI,34,41,20,815.00,"16,300.00"
2026-02-24,1324,2026022405013348,SANVI,34,39,10,815.00,"8,150.00"
2026-02-24,1325,2026022405013233,SANVI,34,44,10,815.00,"8,150.00"
2026-02-24,1326,2026022405013223,SANVI,34,4,10,815.00,"8,150.00"
2026-02-24,1327,2026022405013188,SANVI,95,37,88,808.10,"71,112.80"
2026-02-24,1328,2026022405013154,SANVI,36,37,12,810.00,"9,720.00"
2026-02-24,1329,2026022405013153,SANVI,42,37,50,810.00,"40,500.00"
2026-02-24,1330,2026022405013143,SANVI,42,45,50,810.00,"40,500.00"
2026-02-24,1331,2026022405013142,SANVI,13,45,50,810.00,"40,500.00"
2026-02-24,1332,2026022405013113,SANVI,35,45,200,810.10,"162,020.00"
2026-02-24,1333,2026022405013112,SANVI,49,45,20,811.00,"16,220.00"
2026-02-24,1334,2026022405012978,SANVI,35,37,50,810.10,"40,505.00"
2026-02-24,1335,2026022405013009,SGHC,38,3,170,399.80,"67,966.00"
2026-02-24,1336,2026022405013006,SGHC,58,58,10,400.00,"4,000.00"
2026-02-24,1337,2026022405013005,SGHC,58,13,100,400.00,"40,000.00"
2026-02-24,1338,2026022405013004,SGHC,58,45,100,400.00,"40,000.00"
2026-02-24,1339,2026022405013003,SGHC,58,49,10,400.00,"4,000.00"
2026-02-24,1340,2026022405012966,SGHC,56,49,200,400.00,"80,000.00"
2026-02-24,1341,2026022405013416,SHIVM,56,65,500,612.00,"306,000.00"
2026-02-24,1342,2026022405013376,SHIVM,75,65,70,612.00,"42,840.00"
2026-02-24,1343,2026022405013375,SHIVM,75,7,10,611.90,"6,119.00"
2026-02-24,1344,2026022405013374,SHIVM,75,39,100,611.10,"61,110.00"
2026-02-24,1345,2026022405013373,SHIVM,75,17,307,611.00,"187,577.00"
2026-02-24,1346,2026022405013372,SHIVM,75,62,"3,117",611.00,"1,904,487.00"
2026-02-24,1347,2026022405012956,SHIVM,44,19,300,610.00,"183,000.00"
2026-02-24,1348,2026022405013240,SHIVM,14,45,100,608.20,"60,820.00"
2026-02-24,1349,2026022405013239,SHIVM,38,45,138,608.50,"83,973.00"
2026-02-24,1350,2026022405013238,SHIVM,17,45,100,608.60,"60,860.00"
2026-02-24,1351,2026022405013237,SHIVM,53,45,100,609.00,"60,900.00"
2026-02-24,1352,2026022405013236,SHIVM,66,45,169,609.00,"102,921.00"
2026-02-24,1353,2026022405013202,SHIVM,4,19,33,610.00,"20,130.00"
2026-02-24,1354,2026022405013282,SHIVM,75,34,500,610.00,"305,000.00"
2026-02-24,1355,2026022405013281,SHIVM,75,34,30,610.00,"18,300.00"
2026-02-24,1356,2026022405013280,SHIVM,75,50,150,610.00,"91,500.00"
2026-02-24,1357,2026022405013279,SHIVM,75,81,"1,000",610.00,"610,000.00"
2026-02-24,1358,2026022405013278,SHIVM,75,19,128,610.00,"78,080.00"
2026-02-24,1359,2026022405013241,SHIVM,44,45,66,608.10,"40,134.60"
2026-02-24,1360,2026022405013288,SHIVM,75,58,184,610.00,"112,240.00"
2026-02-24,1361,2026022405013287,SHIVM,75,54,717,610.00,"437,370.00"
2026-02-24,1362,2026022405013286,SHIVM,75,22,25,610.00,"15,250.00"
2026-02-24,1363,2026022405013285,SHIVM,75,77,217,610.00,"132,370.00"
2026-02-24,1364,2026022405013284,SHIVM,75,62,525,610.00,"320,250.00"
2026-02-24,1365,2026022405013283,SHIVM,75,58,40,610.00,"24,400.00"
2026-02-24,1366,2026022405013371,SHIVM,75,32,25,611.00,"15,275.00"
2026-02-24,1367,2026022405013370,SHIVM,75,42,28,611.00,"17,108.00"
2026-02-24,1368,2026022405013369,SHIVM,75,58,43,610.00,"26,230.00"
2026-02-24,1369,2026022405013356,SHIVM,20,18,250,609.00,"152,250.00"
2026-02-24,1370,2026022405013355,SHIVM,44,48,115,608.10,"69,931.50"
2026-02-24,1371,2026022405013289,SHIVM,75,58,484,610.00,"295,240.00"
2026-02-24,1372,2026022405013354,SMATA,45,58,500,772.00,"386,000.00"
2026-02-24,1373,2026022405013353,SMATA,58,58,20,772.00,"15,440.00"
2026-02-24,1374,2026022405013352,SMATA,38,58,20,772.10,"15,442.00"
2026-02-24,1375,2026022405013351,SMATA,41,58,30,772.30,"23,169.00"
2026-02-24,1376,2026022405013350,SMATA,35,58,10,773.00,"7,730.00"
2026-02-24,1377,2026022405013349,SMATA,42,58,10,774.20,"7,742.00"
2026-02-24,1378,2026022405013313,SMH,59,59,43,705.80,"30,349.40"
2026-02-24,1379,2026022405013312,SMH,33,59,957,706.00,"675,642.00"
2026-02-24,1380,2026022405013244,SMH,33,38,500,707.00,"353,500.00"
2026-02-24,1381,2026022405013243,SMH,33,59,500,706.00,"353,000.00"
2026-02-24,1382,2026022405013242,SMH,33,59,43,706.00,"30,358.00"
2026-02-24,1383,2026022405013229,SMH,45,75,100,705.00,"70,500.00"
2026-02-24,1384,2026022405012936,SMH,25,79,100,705.80,"70,580.00"
2026-02-24,1385,2026022405012926,SMH,1,79,100,705.80,"70,580.00"
2026-02-24,1386,2026022405012925,SMH,19,79,50,705.80,"35,290.00"
2026-02-24,1387,2026022405012946,SMH,48,34,400,704.00,"281,600.00"
2026-02-24,1388,2026022405012945,SMH,17,34,500,704.00,"352,000.00"
2026-02-24,1389,2026022405012944,SMH,39,34,500,704.10,"352,050.00"
2026-02-24,1390,2026022405012943,SMH,13,34,100,704.20,"70,420.00"
2026-02-24,1391,2026022405012942,SMH,42,34,300,705.00,"211,500.00"
2026-02-24,1392,2026022405012941,SMH,39,34,256,705.60,"180,633.60"
2026-02-24,1393,2026022405012952,SMH,48,34,10,703.20,"7,032.00"
2026-02-24,1394,2026022405012951,SMH,89,34,10,703.20,"7,032.00"
2026-02-24,1395,2026022405012950,SMH,17,34,15,703.20,"10,548.00"
2026-02-24,1396,2026022405012949,SMH,85,34,322,703.20,"226,430.40"
2026-02-24,1397,2026022405012948,SMH,17,34,10,703.40,"7,034.00"
2026-02-24,1398,2026022405012947,SMH,22,34,40,703.40,"28,136.00"
2026-02-24,1399,2026022405012996,SMH,57,79,247,705.80,"174,332.60"
2026-02-24,1400,2026022405012995,SMH,57,75,253,705.60,"178,516.80"
2026-02-24,1401,2026022405012979,SMH,38,75,147,705.60,"103,723.20"
2026-02-24,1402,2026022405012955,SMH,62,34,412,703.10,"289,677.20"
2026-02-24,1403,2026022405012954,SMH,59,34,50,703.10,"35,155.00"
2026-02-24,1404,2026022405012953,SMH,52,34,75,703.20,"52,740.00"
2026-02-24,1405,2026022405013175,SMH,44,59,957,706.00,"675,642.00"
2026-02-24,1406,2026022405013174,SMH,44,79,43,705.80,"30,349.40"
2026-02-24,1407,2026022405013151,SMH,58,79,10,705.80,"7,058.00"
2026-02-24,1408,2026022405013137,SMH,46,79,20,705.80,"14,116.00"
2026-02-24,1409,2026022405013074,SMH,34,79,30,705.80,"21,174.00"
2026-02-24,1410,2026022405013046,SMH,41,79,300,705.80,"211,740.00"
2026-02-24,1411,2026022405013358,SMHL,29,52,100,461.30,"46,130.00"
2026-02-24,1412,2026022405013083,SMHL,95,49,80,463.00,"37,040.00"
2026-02-24,1413,2026022405013082,SMHL,95,29,10,463.00,"4,630.00"
2026-02-24,1414,2026022405013081,SMHL,95,32,110,463.00,"50,930.00"
2026-02-24,1415,2026022405013051,SMHL,57,14,11,463.00,"5,093.00"
2026-02-24,1416,2026022405013047,SMHL,57,42,12,463.00,"5,556.00"
2026-02-24,1417,2026022405013045,SMHL,57,45,27,463.00,"12,501.00"
2026-02-24,1418,2026022405013044,SMHL,57,22,20,463.00,"9,260.00"
2026-02-24,1419,2026022405012938,SMHL,47,22,10,463.00,"4,630.00"
2026-02-24,1420,2026022405013396,SMJC,32,19,10,476.00,"4,760.00"
2026-02-24,1421,2026022405013395,SMJC,32,95,10,476.00,"4,760.00"
2026-02-24,1422,2026022405013321,SMJC,45,39,60,473.70,"28,422.00"
2026-02-24,1423,2026022405013320,SMJC,57,39,140,473.80,"66,332.00"
2026-02-24,1424,2026022405013252,SMJC,57,39,60,473.80,"28,428.00"
2026-02-24,1425,2026022405013251,SMJC,13,39,100,474.00,"47,400.00"
2026-02-24,1426,2026022405013250,SMJC,26,39,100,474.00,"47,400.00"
2026-02-24,1427,2026022405013249,SMJC,22,39,300,475.00,"142,500.00"
2026-02-24,1428,2026022405013248,SMJC,60,39,100,475.10,"47,510.00"
2026-02-24,1429,2026022405013366,SONA,49,34,500,421.00,"210,500.00"
2026-02-24,1430,2026022405013104,SONA,42,13,10,422.70,"4,227.00"
2026-02-24,1431,2026022405013001,SONA,11,62,64,420.00,"26,880.00"
2026-02-24,1432,2026022405013000,SONA,49,62,20,421.00,"8,420.00"
2026-02-24,1433,2026022405012999,SONA,54,62,60,421.10,"25,266.00"
2026-02-24,1434,2026022405012998,SONA,32,62,321,422.00,"135,462.00"
2026-02-24,1435,2026022405012934,SONA,32,8,19,422.00,"8,018.00"
2026-02-24,1436,2026022405012933,SONA,32,98,10,422.00,"4,220.00"
2026-02-24,1437,2026022405012932,SONA,32,42,10,422.00,"4,220.00"
2026-02-24,1438,2026022405012931,SONA,32,50,140,422.00,"59,080.00"
2026-02-24,1439,2026022405013230,SPC,67,34,11,494.00,"5,434.00"
2026-02-24,1440,2026022405013179,SPC,74,29,10,492.00,"4,920.00"
2026-02-24,1441,2026022405013337,SPHL,87,1,150,535.00,"80,250.00"
2026-02-24,1442,2026022405013318,SPHL,34,59,200,533.60,"106,720.00"
2026-02-24,1443,2026022405013015,SPHL,63,83,50,534.00,"26,700.00"
2026-02-24,1444,2026022405013382,SPL,39,44,40,696.30,"27,852.00"
2026-02-24,1445,2026022405013381,SPL,34,44,20,699.80,"13,996.00"
2026-02-24,1446,2026022405013336,SPL,16,44,"1,100",700.00,"770,000.00"
2026-02-24,1447,2026022405013335,SPL,58,44,56,700.00,"39,200.00"
2026-02-24,1448,2026022405013265,SPL,58,44,10,706.00,"7,060.00"
2026-02-24,1449,2026022405013271,SPL,6,44,10,705.00,"7,050.00"
2026-02-24,1450,2026022405013270,SPL,58,44,50,705.00,"35,250.00"
2026-02-24,1451,2026022405013269,SPL,58,44,100,705.00,"70,500.00"
2026-02-24,1452,2026022405013268,SPL,3,44,90,705.10,"63,459.00"
2026-02-24,1453,2026022405013267,SPL,58,44,50,706.00,"35,300.00"
2026-02-24,1454,2026022405013266,SPL,58,44,25,706.00,"17,650.00"
2026-02-24,1455,2026022405013328,SPL,34,44,100,703.20,"70,320.00"
2026-02-24,1456,2026022405013276,SPL,19,44,50,704.00,"35,200.00"
2026-02-24,1457,2026022405013275,SPL,91,44,20,704.00,"14,080.00"
2026-02-24,1458,2026022405013274,SPL,48,44,70,704.00,"49,280.00"
2026-02-24,1459,2026022405013273,SPL,90,44,200,704.10,"140,820.00"
2026-02-24,1460,2026022405013272,SPL,58,44,50,705.00,"35,250.00"
2026-02-24,1461,2026022405013334,SPL,62,44,35,700.00,"24,500.00"
2026-02-24,1462,2026022405013333,SPL,17,44,100,700.00,"70,000.00"
2026-02-24,1463,2026022405013332,SPL,62,44,100,701.00,"70,100.00"
2026-02-24,1464,2026022405013331,SPL,5,44,20,702.00,"14,040.00"
2026-02-24,1465,2026022405013330,SPL,45,44,142,702.00,"99,684.00"
2026-02-24,1466,2026022405013329,SPL,46,44,100,702.30,"70,230.00"
2026-02-24,1467,2026022405013277,STC,54,40,15,"5,635.00","84,525.00"
2026-02-24,1468,2026022405013140,TPC,43,10,210,382.20,"80,262.00"
2026-02-24,1469,2026022405013139,TPC,57,10,40,383.00,"15,320.00"
2026-02-24,1470,2026022405012997,TPC,58,13,30,387.00,"11,610.00"
2026-02-24,1471,2026022405012974,TPC,58,39,10,387.00,"3,870.00"
2026-02-24,1472,2026022405012973,TPC,58,49,100,387.00,"38,700.00"
2026-02-24,1473,2026022405012972,TPC,58,74,300,386.90,"116,070.00"
2026-02-24,1474,2026022405012971,TPC,58,14,550,386.00,"212,300.00"
2026-02-24,1475,2026022405012970,TPC,58,45,10,386.00,"3,860.00"
2026-02-24,1476,2026022405012969,TPC,58,33,400,386.00,"154,400.00"
2026-02-24,1477,2026022405012968,TPC,58,49,100,386.00,"38,600.00"
2026-02-24,1478,2026022405012967,TPC,58,53,500,385.00,"192,500.00"
2026-02-24,1479,2026022405013368,TSHL,13,19,100,729.90,"72,990.00"
2026-02-24,1480,2026022405013254,TSHL,34,7,10,725.00,"7,250.00"
2026-02-24,1481,2026022405013225,TVCL,101,50,30,660.00,"19,800.00"
2026-02-24,1482,2026022405013192,TVCL,101,44,30,660.00,"19,800.00"
2026-02-24,1483,2026022405013191,TVCL,101,50,30,660.00,"19,800.00"
2026-02-24,1484,2026022405013190,TVCL,101,46,13,660.00,"8,580.00"
2026-02-24,1485,2026022405013061,TVCL,25,77,400,655.10,"262,040.00"
2026-02-24,1486,2026022405013060,TVCL,14,77,600,656.00,"393,600.00"
2026-02-24,1487,2026022405013030,TVCL,14,49,30,656.00,"19,680.00"
2026-02-24,1488,2026022405013117,UHEWA,10,58,10,553.00,"5,530.00"
2026-02-24,1489,2026022405013116,UHEWA,10,55,38,553.00,"21,014.00"
2026-02-24,1490,2026022405013115,UHEWA,10,65,546,553.00,"301,938.00"
2026-02-24,1491,2026022405013114,UHEWA,26,34,10,552.00,"5,520.00"
2026-02-24,1492,2026022405013049,UHEWA,43,65,10,553.00,"5,530.00"
2026-02-24,1493,2026022405013390,ULHC,6,6,100,528.90,"52,890.00"
2026-02-24,1494,2026022405013150,ULHC,42,6,200,528.90,"105,780.00"
2026-02-24,1495,2026022405013120,ULHC,49,38,150,528.00,"79,200.00"
2026-02-24,1496,2026022405013119,ULHC,51,38,200,528.00,"105,600.00"
2026-02-24,1497,2026022405013118,ULHC,58,38,50,528.10,"26,405.00"
2026-02-24,1498,2026022405012922,ULHC,58,6,10,528.90,"5,289.00"
2026-02-24,1499,2026022405013138,USHEC,42,18,50,465.00,"23,250.00"
2026-02-24,1500,2026022405013158,VLUCL,33,43,90,560.20,"50,418.00"
2026-02-24,1501,2026022405012844,AHL,56,34,60,506.00,"30,360.00"
2026-02-24,1502,2026022405012431,AHL,42,34,47,506.00,"23,782.00"
2026-02-24,1503,2026022405012430,AHL,50,34,153,506.00,"77,418.00"
2026-02-24,1504,2026022405012680,BGWT,55,39,10,747.00,"7,470.00"
2026-02-24,1505,2026022405012864,BHDC,42,25,170,469.00,"79,730.00"
2026-02-24,1506,2026022405012695,BHDC,29,44,45,470.90,"21,190.50"
2026-02-24,1507,2026022405012602,BHDC,38,44,10,470.90,"4,709.00"
2026-02-24,1508,2026022405012579,BHDC,42,97,480,469.00,"225,120.00"
2026-02-24,1509,2026022405012578,BHDC,58,97,20,470.00,"9,400.00"
2026-02-24,1510,2026022405012917,BHL,48,51,60,197.50,"11,850.00"
2026-02-24,1511,2026022405012841,BHL,58,57,100,197.40,"19,740.00"
2026-02-24,1512,2026022405012830,BHL,58,25,100,197.40,"19,740.00"
2026-02-24,1513,2026022405012828,BHL,58,38,100,197.40,"19,740.00"
2026-02-24,1514,2026022405012805,BHL,58,6,500,197.40,"98,700.00"
2026-02-24,1515,2026022405012622,BHL,80,51,100,197.50,"19,750.00"
2026-02-24,1516,2026022405012510,BHL,39,14,100,197.80,"19,780.00"
