date,sn,contract_no,stock_symbol,buyer,seller,quantity,rate,amount
2026-03-12,1,2026031205034368,BEDC,38,5,34,528.00,"17,952.00"
2026-03-12,2,2026031205034287,BEDC,38,34,190,528.00,"100,320.00"
2026-03-12,3,2026031205034706,BGWT,35,14,20,771.10,"15,422.00"
2026-03-12,4,2026031205034676,BHDC,50,43,20,496.00,"9,920.00"
2026-03-12,5,2026031205034574,BHDC,57,43,100,496.00,"49,600.00"
2026-03-12,6,2026031205034485,BHDC,89,43,50,496.00,"24,800.00"
2026-03-12,7,2026031205034436,BHDC,61,39,100,495.00,"49,500.00"
2026-03-12,8,2026031205034364,BHDC,44,43,400,496.00,"198,400.00"
2026-03-12,9,2026031205034300,BHDC,62,39,200,495.00,"99,000.00"
2026-03-12,10,2026031205034725,BHL,69,26,10,237.30,"2,373.00"
2026-03-12,11,2026031205034635,BHL,65,26,100,237.30,"23,730.00"
2026-03-12,12,2026031205034580,BHL,60,26,10,237.30,"2,373.00"
2026-03-12,13,2026031205034536,BHL,70,4,"1,199",236.00,"282,964.00"
2026-03-12,14,2026031205034535,BHL,58,4,500,236.00,"118,000.00"
2026-03-12,15,2026031205034534,BHL,38,4,10,236.00,"2,360.00"
2026-03-12,16,2026031205034251,BHL,81,38,120,237.50,"28,500.00"
2026-03-12,17,2026031205034243,BHL,17,38,80,237.50,"19,000.00"
2026-03-12,18,2026031205034234,BHL,17,13,170,237.50,"40,375.00"
2026-03-12,19,2026031205034233,BHL,6,13,30,237.50,"7,125.00"
2026-03-12,20,2026031205034306,BHL,85,32,26,237.10,"6,164.60"
2026-03-12,21,2026031205034305,BHL,35,32,174,237.10,"41,255.40"
2026-03-12,22,2026031205034276,BHL,56,6,75,237.40,"17,805.00"
2026-03-12,23,2026031205034254,BHL,56,42,380,237.40,"90,212.00"
2026-03-12,24,2026031205034253,BHL,81,42,320,237.50,"76,000.00"
2026-03-12,25,2026031205034252,BHL,81,45,60,237.50,"14,250.00"
2026-03-12,26,2026031205034367,BHL,58,42,56,237.00,"13,272.00"
2026-03-12,27,2026031205034366,BHL,32,42,124,237.00,"29,388.00"
2026-03-12,28,2026031205034329,BHL,32,51,76,237.00,"18,012.00"
2026-03-12,29,2026031205034328,BHL,58,51,100,237.00,"23,700.00"
2026-03-12,30,2026031205034327,BHL,85,51,174,237.10,"41,255.40"
2026-03-12,31,2026031205034309,BHL,45,6,300,237.40,"71,220.00"
2026-03-12,32,2026031205034506,BHL,57,17,100,237.00,"23,700.00"
2026-03-12,33,2026031205034505,BHL,14,17,111,237.00,"26,307.00"
2026-03-12,34,2026031205034504,BHL,58,17,544,237.00,"128,928.00"
2026-03-12,35,2026031205034429,BHL,36,17,145,237.50,"34,437.50"
2026-03-12,36,2026031205034428,BHL,36,6,25,237.40,"5,935.00"
2026-03-12,37,2026031205034412,BHL,58,58,400,237.00,"94,800.00"
2026-03-12,38,2026031205034521,BHL,57,4,700,237.00,"165,900.00"
2026-03-12,39,2026031205034520,BHL,45,4,50,237.00,"11,850.00"
2026-03-12,40,2026031205034519,BHL,64,4,"4,955",237.00,"1,174,335.00"
2026-03-12,41,2026031205034509,BHL,64,17,45,237.00,"10,665.00"
2026-03-12,42,2026031205034508,BHL,52,17,100,237.00,"23,700.00"
2026-03-12,43,2026031205034507,BHL,52,17,100,237.00,"23,700.00"
2026-03-12,44,2026031205034527,BHL,11,4,500,236.10,"118,050.00"
2026-03-12,45,2026031205034526,BHL,28,4,100,236.10,"23,610.00"
2026-03-12,46,2026031205034525,BHL,4,4,770,236.10,"181,797.00"
2026-03-12,47,2026031205034524,BHL,17,4,100,236.20,"23,620.00"
2026-03-12,48,2026031205034523,BHL,49,4,236,236.40,"55,790.40"
2026-03-12,49,2026031205034522,BHL,28,4,70,236.50,"16,555.00"
2026-03-12,50,2026031205034533,BHL,58,4,250,236.00,"59,000.00"
2026-03-12,51,2026031205034532,BHL,55,4,10,236.00,"2,360.00"
2026-03-12,52,2026031205034531,BHL,49,4,150,236.00,"35,400.00"
2026-03-12,53,2026031205034530,BHL,46,4,100,236.00,"23,600.00"
2026-03-12,54,2026031205034529,BHL,99,4,100,236.00,"23,600.00"
2026-03-12,55,2026031205034528,BHL,54,4,200,236.00,"47,200.00"
2026-03-12,56,2026031205034697,BHPL,41,34,14,581.00,"8,134.00"
2026-03-12,57,2026031205034650,BHPL,43,34,100,581.00,"58,100.00"
2026-03-12,58,2026031205034484,BHPL,42,25,462,580.00,"267,960.00"
2026-03-12,59,2026031205034483,BHPL,42,25,540,580.00,"313,200.00"
2026-03-12,60,2026031205034482,BHPL,43,25,564,580.10,"327,176.40"
2026-03-12,61,2026031205034401,BHPL,25,34,21,581.00,"12,201.00"
2026-03-12,62,2026031205034334,BHPL,42,45,104,580.80,"60,403.20"
2026-03-12,63,2026031205034288,BHPL,16,16,25,581.00,"14,525.00"
2026-03-12,64,2026031205034400,BHPL,25,16,79,581.00,"45,899.00"
2026-03-12,65,2026031205034389,BHPL,43,38,100,580.10,"58,010.00"
2026-03-12,66,2026031205034338,BHPL,43,45,336,580.10,"194,913.60"
2026-03-12,67,2026031205034337,BHPL,17,45,10,580.20,"5,802.00"
2026-03-12,68,2026031205034336,BHPL,41,45,100,580.30,"58,030.00"
2026-03-12,69,2026031205034335,BHPL,57,45,200,580.50,"116,100.00"
2026-03-12,70,2026031205034670,BNHC,58,49,10,370.00,"3,700.00"
2026-03-12,71,2026031205034669,BNHC,58,95,190,370.00,"70,300.00"
2026-03-12,72,2026031205034679,CHDC,19,38,10,"2,560.00","25,600.00"
2026-03-12,73,2026031205034649,CHDC,34,52,50,"2,560.00","128,000.00"
2026-03-12,74,2026031205034648,CHDC,34,32,70,"2,558.90","179,123.00"
2026-03-12,75,2026031205034451,CHDC,52,36,10,"2,558.90","25,589.00"
2026-03-12,76,2026031205034324,CHDC,40,39,25,"2,550.00","63,750.00"
2026-03-12,77,2026031205034323,CHDC,41,39,10,"2,550.00","25,500.00"
2026-03-12,78,2026031205034322,CHDC,16,39,10,"2,550.00","25,500.00"
2026-03-12,79,2026031205034321,CHDC,94,39,45,"2,550.00","114,750.00"
2026-03-12,80,2026031205034320,CHDC,38,39,10,"2,551.00","25,510.00"
2026-03-12,81,2026031205034592,CIT,48,22,100,"1,844.00","184,400.00"
2026-03-12,82,2026031205034229,CIT,38,22,50,"1,844.00","92,200.00"
2026-03-12,83,2026031205034678,CKHL,17,29,30,722.00,"21,660.00"
2026-03-12,84,2026031205034677,CKHL,17,55,30,720.00,"21,600.00"
2026-03-12,85,2026031205034274,CKHL,17,17,30,713.10,"21,393.00"
2026-03-12,86,2026031205034273,CKHL,42,17,90,715.00,"64,350.00"
2026-03-12,87,2026031205034272,CKHL,17,17,120,715.10,"85,812.00"
2026-03-12,88,2026031205034271,CKHL,42,17,50,716.00,"35,800.00"
2026-03-12,89,2026031205034270,CKHL,35,17,50,716.20,"35,810.00"
2026-03-12,90,2026031205034269,CKHL,22,17,10,716.30,"7,163.00"
2026-03-12,91,2026031205034584,CLI,34,34,126,485.10,"61,122.60"
2026-03-12,92,2026031205034475,CLI,34,45,100,485.90,"48,590.00"
2026-03-12,93,2026031205034302,CLI,34,91,13,485.10,"6,306.30"
2026-03-12,94,2026031205034630,DOLTI,35,25,10,528.00,"5,280.00"
2026-03-12,95,2026031205034629,DOLTI,35,33,45,522.00,"23,490.00"
2026-03-12,96,2026031205034721,DORDI,4,13,664,311.00,"206,504.00"
2026-03-12,97,2026031205034720,DORDI,4,36,22,311.00,"6,842.00"
2026-03-12,98,2026031205034719,DORDI,4,57,500,311.00,"155,500.00"
2026-03-12,99,2026031205034718,DORDI,4,8,"2,000",310.90,"621,800.00"
2026-03-12,100,2026031205034717,DORDI,4,8,256,310.90,"79,590.40"
2026-03-12,101,2026031205034716,DORDI,4,71,450,310.80,"139,860.00"
2026-03-12,102,2026031205034304,DORDI,62,38,420,310.80,"130,536.00"
2026-03-12,103,2026031205034295,DORDI,53,8,"1,000",310.90,"310,900.00"
2026-03-12,104,2026031205034255,DORDI,49,57,500,310.70,"155,350.00"
2026-03-12,105,2026031205034241,DORDI,18,8,100,310.90,"31,090.00"
2026-03-12,106,2026031205034363,DORDI,74,62,100,310.70,"31,070.00"
2026-03-12,107,2026031205034359,DORDI,49,62,157,310.70,"48,779.90"
2026-03-12,108,2026031205034344,DORDI,62,71,550,310.80,"170,940.00"
2026-03-12,109,2026031205034317,DORDI,49,8,"1,744",310.90,"542,209.60"
2026-03-12,110,2026031205034316,DORDI,49,8,256,310.90,"79,590.40"
2026-03-12,111,2026031205034308,DORDI,62,16,30,310.80,"9,324.00"
2026-03-12,112,2026031205034469,DORDI,48,81,100,310.20,"31,020.00"
2026-03-12,113,2026031205034450,DORDI,48,45,400,310.20,"124,080.00"
2026-03-12,114,2026031205034449,DORDI,52,45,100,310.20,"31,020.00"
2026-03-12,115,2026031205034448,DORDI,6,62,500,310.70,"155,350.00"
2026-03-12,116,2026031205034433,DORDI,67,62,50,310.70,"15,535.00"
2026-03-12,117,2026031205034369,DORDI,45,62,200,310.70,"62,140.00"
2026-03-12,118,2026031205034715,DORDI,4,58,70,310.70,"21,749.00"
2026-03-12,119,2026031205034714,DORDI,4,62,38,310.70,"11,806.60"
2026-03-12,120,2026031205034685,DORDI,42,62,20,310.70,"6,214.00"
2026-03-12,121,2026031205034638,DORDI,48,58,394,310.20,"122,218.80"
2026-03-12,122,2026031205034628,DORDI,35,62,35,310.70,"10,874.50"
2026-03-12,123,2026031205034627,DORDI,35,47,65,310.50,"20,182.50"
2026-03-12,124,2026031205034476,EHPL,59,45,240,431.50,"103,560.00"
2026-03-12,125,2026031205034474,EHPL,59,32,154,431.50,"66,451.00"
2026-03-12,126,2026031205034235,GCIL,35,62,300,443.00,"132,900.00"
2026-03-12,127,2026031205034250,GCIL,36,62,250,443.00,"110,750.00"
2026-03-12,128,2026031205034379,GCIL,77,7,10,444.40,"4,444.00"
2026-03-12,129,2026031205034378,GCIL,77,13,300,444.00,"133,200.00"
2026-03-12,130,2026031205034377,GCIL,77,47,82,444.00,"36,408.00"
2026-03-12,131,2026031205034376,GCIL,77,49,100,443.00,"44,300.00"
2026-03-12,132,2026031205034375,GCIL,77,62,137,443.00,"60,691.00"
2026-03-12,133,2026031205034384,GCIL,77,29,518,444.90,"230,458.20"
2026-03-12,134,2026031205034383,GCIL,77,59,63,444.90,"28,028.70"
2026-03-12,135,2026031205034382,GCIL,77,29,650,444.90,"289,185.00"
2026-03-12,136,2026031205034381,GCIL,77,47,100,444.90,"44,490.00"
2026-03-12,137,2026031205034380,GCIL,77,22,40,444.50,"17,780.00"
2026-03-12,138,2026031205034542,GCIL,77,49,12,445.00,"5,340.00"
2026-03-12,139,2026031205034541,GCIL,77,48,12,445.00,"5,340.00"
2026-03-12,140,2026031205034540,GCIL,77,7,300,445.00,"133,500.00"
2026-03-12,141,2026031205034539,GCIL,77,42,40,445.00,"17,800.00"
2026-03-12,142,2026031205034538,GCIL,77,29,482,444.90,"214,441.80"
2026-03-12,143,2026031205034548,GCIL,77,51,12,446.00,"5,352.00"
2026-03-12,144,2026031205034547,GCIL,77,55,300,446.00,"133,800.00"
2026-03-12,145,2026031205034546,GCIL,77,4,12,445.50,"5,346.00"
2026-03-12,146,2026031205034545,GCIL,77,62,33,445.50,"14,701.50"
2026-03-12,147,2026031205034544,GCIL,77,45,320,445.00,"142,400.00"
2026-03-12,148,2026031205034543,GCIL,77,55,55,445.00,"24,475.00"
2026-03-12,149,2026031205034554,GCIL,77,42,12,447.00,"5,364.00"
2026-03-12,150,2026031205034553,GCIL,77,6,50,447.00,"22,350.00"
2026-03-12,151,2026031205034552,GCIL,77,35,500,447.00,"223,500.00"
2026-03-12,152,2026031205034551,GCIL,77,51,550,447.00,"245,850.00"
2026-03-12,153,2026031205034550,GCIL,77,19,88,447.00,"39,336.00"
2026-03-12,154,2026031205034549,GCIL,77,39,12,446.00,"5,352.00"
2026-03-12,155,2026031205034556,GCIL,77,25,199,448.00,"89,152.00"
2026-03-12,156,2026031205034555,GCIL,77,4,11,447.70,"4,924.70"
2026-03-12,157,2026031205034560,GVL,52,13,362,514.90,"186,393.80"
2026-03-12,158,2026031205034559,GVL,52,29,138,514.90,"71,056.20"
2026-03-12,159,2026031205034558,GVL,52,80,500,514.70,"257,350.00"
2026-03-12,160,2026031205034301,GVL,60,36,700,514.80,"360,360.00"
2026-03-12,161,2026031205034710,HATHY,44,19,10,950.00,"9,500.00"
2026-03-12,162,2026031205034594,HATHY,49,19,50,950.00,"47,500.00"
2026-03-12,163,2026031205034591,HDL,55,68,17,"1,200.00","20,400.00"
2026-03-12,164,2026031205034590,HDL,55,64,13,"1,200.00","15,600.00"
2026-03-12,165,2026031205034589,HDL,55,43,50,"1,200.00","60,000.00"
2026-03-12,166,2026031205034588,HDL,55,11,"2,450","1,200.00","2,940,000.00"
2026-03-12,167,2026031205034587,HDL,55,55,70,"1,199.30","83,951.00"
2026-03-12,168,2026031205034341,HDL,34,99,50,"1,200.00","60,000.00"
2026-03-12,169,2026031205034265,HDL,41,99,30,"1,200.00","36,000.00"
2026-03-12,170,2026031205034264,HDL,41,45,70,"1,200.00","84,000.00"
2026-03-12,171,2026031205034247,HDL,55,34,50,"1,199.30","59,965.00"
2026-03-12,172,2026031205034342,HDL,34,11,50,"1,200.00","60,000.00"
2026-03-12,173,2026031205034413,HDL,26,55,80,"1,199.30","95,944.00"
2026-03-12,174,2026031205034561,HDL,50,55,100,"1,199.30","119,930.00"
2026-03-12,175,2026031205034457,HHL,57,58,98,371.00,"36,358.00"
2026-03-12,176,2026031205034456,HHL,57,1,20,371.00,"7,420.00"
2026-03-12,177,2026031205034455,HHL,57,58,30,371.00,"11,130.00"
2026-03-12,178,2026031205034454,HHL,57,17,113,371.00,"41,923.00"
2026-03-12,179,2026031205034453,HHL,57,58,39,371.00,"14,469.00"
2026-03-12,180,2026031205034387,HHL,3,61,500,370.40,"185,200.00"
2026-03-12,181,2026031205034361,HHL,3,61,66,370.20,"24,433.20"
2026-03-12,182,2026031205034231,HHL,38,22,686,370.10,"253,888.60"
2026-03-12,183,2026031205034663,HIDCL,21,45,10,298.50,"2,985.00"
2026-03-12,184,2026031205034634,HIDCL,14,41,10,298.20,"2,982.00"
2026-03-12,185,2026031205034619,HIDCL,56,45,30,298.50,"8,955.00"
2026-03-12,186,2026031205034442,HIDCL,38,45,76,298.80,"22,708.80"
2026-03-12,187,2026031205034441,HIDCL,38,38,100,298.80,"29,880.00"
2026-03-12,188,2026031205034440,HIDCL,38,58,310,298.80,"92,628.00"
2026-03-12,189,2026031205034296,HIDCL,14,49,100,298.50,"29,850.00"
2026-03-12,190,2026031205034245,HIDCL,35,17,120,298.30,"35,796.00"
2026-03-12,191,2026031205034244,HIDCL,35,17,100,298.30,"29,830.00"
2026-03-12,192,2026031205034439,HIDCL,38,49,14,298.50,"4,179.00"
2026-03-12,193,2026031205034438,HIDCL,45,7,993,298.30,"296,211.90"
2026-03-12,194,2026031205034426,HIDCL,45,34,"1,007",298.30,"300,388.10"
2026-03-12,195,2026031205034425,HIDCL,35,34,35,298.30,"10,440.50"
2026-03-12,196,2026031205034403,HIDCL,35,41,20,298.30,"5,966.00"
2026-03-12,197,2026031205034299,HIDCL,35,34,25,298.30,"7,457.50"
2026-03-12,198,2026031205034690,HRL,81,53,20,888.00,"17,760.00"
2026-03-12,199,2026031205034689,HRL,81,34,20,888.00,"17,760.00"
2026-03-12,200,2026031205034416,HRL,35,11,33,887.00,"29,271.00"
2026-03-12,201,2026031205034293,HRL,34,32,187,886.80,"165,831.60"
2026-03-12,202,2026031205034292,HRL,22,32,50,886.90,"44,345.00"
2026-03-12,203,2026031205034291,HRL,38,32,50,886.90,"44,345.00"
2026-03-12,204,2026031205034290,HRL,46,32,113,887.00,"100,231.00"
2026-03-12,205,2026031205034414,IHL,34,38,10,538.80,"5,388.00"
2026-03-12,206,2026031205034518,IHL,34,64,10,538.90,"5,389.00"
2026-03-12,207,2026031205034410,ILI,21,48,14,461.00,"6,454.00"
2026-03-12,208,2026031205034409,ILI,21,11,12,461.00,"5,532.00"
2026-03-12,209,2026031205034408,ILI,21,58,34,461.00,"15,674.00"
2026-03-12,210,2026031205034407,ILI,94,58,61,461.00,"28,121.00"
2026-03-12,211,2026031205034406,ILI,94,19,10,461.00,"4,610.00"
2026-03-12,212,2026031205034405,ILI,94,35,150,461.00,"69,150.00"
2026-03-12,213,2026031205034404,ILI,94,51,79,461.00,"36,419.00"
2026-03-12,214,2026031205034289,ILI,58,43,12,460.30,"5,523.60"
2026-03-12,215,2026031205034286,MAKAR,56,95,40,565.00,"22,600.00"
2026-03-12,216,2026031205034684,MANDU,43,54,10,849.00,"8,490.00"
2026-03-12,217,2026031205034683,MANDU,43,6,60,848.90,"50,934.00"
2026-03-12,218,2026031205034682,MANDU,43,58,10,848.00,"8,480.00"
2026-03-12,219,2026031205034681,MANDU,43,17,20,845.00,"16,900.00"
2026-03-12,220,2026031205034285,MANDU,4,22,10,844.00,"8,440.00"
2026-03-12,221,2026031205034687,MBJC,38,95,10,311.00,"3,110.00"
2026-03-12,222,2026031205034651,MBJC,26,95,200,311.00,"62,200.00"
2026-03-12,223,2026031205034633,MBJC,33,59,11,310.90,"3,419.90"
2026-03-12,224,2026031205034593,MBJC,57,95,400,311.00,"124,400.00"
2026-03-12,225,2026031205034465,MBJC,55,95,650,311.00,"202,150.00"
2026-03-12,226,2026031205034464,MBJC,55,49,350,310.90,"108,815.00"
2026-03-12,227,2026031205034434,MBJC,38,49,50,310.90,"15,545.00"
2026-03-12,228,2026031205034318,MBJC,53,49,100,310.90,"31,090.00"
2026-03-12,229,2026031205034298,MBJC,50,16,100,310.20,"31,020.00"
2026-03-12,230,2026031205034463,MEHL,43,51,200,479.00,"95,800.00"
2026-03-12,231,2026031205034303,MEHL,58,49,10,479.00,"4,790.00"
2026-03-12,232,2026031205034712,MEL,36,10,60,300.50,"18,030.00"
2026-03-12,233,2026031205034362,MEL,13,74,60,300.10,"18,006.00"
2026-03-12,234,2026031205034460,MHCL,16,7,19,383.00,"7,277.00"
2026-03-12,235,2026031205034459,MHCL,16,56,"1,660",383.00,"635,780.00"
2026-03-12,236,2026031205034437,MHCL,41,35,371,382.90,"142,055.90"
2026-03-12,237,2026031205034661,MHL,29,16,300,548.50,"164,550.00"
2026-03-12,238,2026031205034660,MHL,29,13,200,548.00,"109,600.00"
2026-03-12,239,2026031205034472,MHL,86,13,50,548.00,"27,400.00"
2026-03-12,240,2026031205034675,MKHC,58,38,290,353.00,"102,370.00"
2026-03-12,241,2026031205034674,MKHC,58,38,190,353.00,"67,070.00"
2026-03-12,242,2026031205034673,MKHC,11,38,481,353.00,"169,793.00"
2026-03-12,243,2026031205034672,MKHC,34,38,39,353.50,"13,786.50"
2026-03-12,244,2026031205034248,MKHC,7,74,150,353.50,"53,025.00"
2026-03-12,245,2026031205034586,MKHC,34,34,10,353.50,"3,535.00"
2026-03-12,246,2026031205034570,MKHC,34,74,51,353.50,"18,028.50"
2026-03-12,247,2026031205034500,MKHC,11,3,19,353.00,"6,707.00"
2026-03-12,248,2026031205034499,MKHC,45,3,30,353.00,"10,590.00"
2026-03-12,249,2026031205034498,MKHC,58,3,284,353.00,"100,252.00"
2026-03-12,250,2026031205034647,MKHL,92,14,230,860.00,"197,800.00"
2026-03-12,251,2026031205034646,MKHL,92,38,20,842.50,"16,850.00"
2026-03-12,252,2026031205034645,MKHL,92,49,10,842.50,"8,425.00"
2026-03-12,253,2026031205034644,MKHL,92,49,100,842.00,"84,200.00"
2026-03-12,254,2026031205034643,MKHL,92,87,190,841.50,"159,885.00"
2026-03-12,255,2026031205034642,MKHL,92,35,20,841.00,"16,820.00"
2026-03-12,256,2026031205034641,MKHL,92,42,400,840.00,"336,000.00"
2026-03-12,257,2026031205034640,MKHL,92,42,10,838.00,"8,380.00"
2026-03-12,258,2026031205034639,MKHL,92,39,20,838.00,"16,760.00"
2026-03-12,259,2026031205034711,MKJC,70,82,10,547.90,"5,479.00"
2026-03-12,260,2026031205034386,MKJC,57,82,225,547.90,"123,277.50"
2026-03-12,261,2026031205034385,MKJC,57,58,675,547.90,"369,832.50"
2026-03-12,262,2026031205034432,MMKJL,28,1,40,579.00,"23,160.00"
2026-03-12,263,2026031205034333,MMKJL,28,59,110,579.00,"63,690.00"
2026-03-12,264,2026031205034332,MMKJL,49,59,90,579.00,"52,110.00"
2026-03-12,265,2026031205034435,NBF2,58,49,500,9.87,"4,935.00"
2026-03-12,266,2026031205034662,NIFRA,16,81,10,285.10,"2,851.00"
2026-03-12,267,2026031205034503,NIFRA,26,43,648,284.80,"184,550.40"
2026-03-12,268,2026031205034502,NIFRA,49,43,72,284.90,"20,512.80"
2026-03-12,269,2026031205034501,NIFRA,58,43,20,285.00,"5,700.00"
2026-03-12,270,2026031205034443,NIFRA,44,57,44,285.00,"12,540.00"
2026-03-12,271,2026031205034415,NIFRA,49,58,57,284.90,"16,239.30"
2026-03-12,272,2026031205034373,NIFRA,49,42,64,284.90,"18,233.60"
2026-03-12,273,2026031205034347,NIFRA,14,52,915,285.00,"260,775.00"
2026-03-12,274,2026031205034249,NIFRA,17,34,346,285.50,"98,783.00"
2026-03-12,275,2026031205034632,NRIC,53,81,50,"1,251.00","62,550.00"
2026-03-12,276,2026031205034571,NRIC,101,81,20,"1,251.00","25,020.00"
2026-03-12,277,2026031205034537,NRIC,34,26,100,"1,250.50","125,050.00"
2026-03-12,278,2026031205034458,NRIC,49,81,30,"1,251.00","37,530.00"
2026-03-12,279,2026031205034445,NRIC,57,81,300,"1,251.00","375,300.00"
2026-03-12,280,2026031205034346,NRIC,58,64,50,"1,250.20","62,510.00"
2026-03-12,281,2026031205034345,NRIC,45,64,50,"1,250.50","62,525.00"
2026-03-12,282,2026031205034297,NRIC,33,81,50,"1,251.00","62,550.00"
2026-03-12,283,2026031205034431,NRIC,44,81,125,"1,251.00","156,375.00"
2026-03-12,284,2026031205034372,NRIC,36,81,50,"1,251.00","62,550.00"
2026-03-12,285,2026031205034724,NRM,52,49,10,445.00,"4,450.00"
2026-03-12,286,2026031205034515,NRM,38,49,100,445.00,"44,500.00"
2026-03-12,287,2026031205034513,NRM,58,49,20,445.00,"8,900.00"
2026-03-12,288,2026031205034512,NRM,58,38,10,445.00,"4,450.00"
2026-03-12,289,2026031205034511,NRM,58,54,100,445.00,"44,500.00"
2026-03-12,290,2026031205034510,NRM,58,35,100,445.00,"44,500.00"
2026-03-12,291,2026031205034481,NRM,42,48,181,444.00,"80,364.00"
2026-03-12,292,2026031205034480,NRM,40,48,19,444.00,"8,436.00"
2026-03-12,293,2026031205034230,NRM,40,67,10,444.00,"4,440.00"
2026-03-12,294,2026031205034579,NRN,41,98,100,"1,522.00","152,200.00"
2026-03-12,295,2026031205034278,NRN,3,84,50,"1,525.00","76,250.00"
2026-03-12,296,2026031205034388,NRN,4,84,14,"1,525.00","21,350.00"
2026-03-12,297,2026031205034578,NRN,42,98,10,"1,522.00","15,220.00"
2026-03-12,298,2026031205034577,NRN,33,98,50,"1,522.00","76,100.00"
2026-03-12,299,2026031205034572,NRN,39,84,100,"1,525.00","152,500.00"
2026-03-12,300,2026031205034266,NTC,35,17,50,887.00,"44,350.00"
2026-03-12,301,2026031205034664,NYADI,60,44,10,419.00,"4,190.00"
2026-03-12,302,2026031205034713,PHCL,32,45,100,320.00,"32,000.00"
2026-03-12,303,2026031205034696,PHCL,32,14,10,320.00,"3,200.00"
2026-03-12,304,2026031205034625,PHCL,32,29,80,320.00,"25,600.00"
2026-03-12,305,2026031205034624,PHCL,32,11,10,320.00,"3,200.00"
2026-03-12,306,2026031205034623,PHCL,32,41,50,320.00,"16,000.00"
2026-03-12,307,2026031205034622,PHCL,32,28,189,320.00,"60,480.00"
2026-03-12,308,2026031205034430,PHCL,48,41,100,319.20,"31,920.00"
2026-03-12,309,2026031205034419,PHCL,60,28,520,320.00,"166,400.00"
2026-03-12,310,2026031205034365,PHCL,35,28,11,320.00,"3,520.00"
2026-03-12,311,2026031205034315,PHCL,42,28,150,320.00,"48,000.00"
2026-03-12,312,2026031205034314,PHCL,42,54,150,320.00,"48,000.00"
2026-03-12,313,2026031205034707,PPL,99,34,10,405.90,"4,059.00"
2026-03-12,314,2026031205034573,PPL,49,14,200,405.00,"81,000.00"
2026-03-12,315,2026031205034479,PPL,49,58,15,405.00,"6,075.00"
2026-03-12,316,2026031205034478,PPL,49,53,92,405.00,"37,260.00"
2026-03-12,317,2026031205034330,PPL,11,47,11,404.50,"4,449.50"
2026-03-12,318,2026031205034311,PPL,57,47,50,404.50,"20,225.00"
2026-03-12,319,2026031205034277,PPL,17,47,150,404.50,"60,675.00"
2026-03-12,320,2026031205034242,PPL,74,47,30,404.50,"12,135.00"
2026-03-12,321,2026031205034667,RAWA,6,34,30,740.00,"22,200.00"
2026-03-12,322,2026031205034666,RAWA,6,6,70,739.90,"51,793.00"
2026-03-12,323,2026031205034665,RAWA,6,43,70,736.00,"51,520.00"
2026-03-12,324,2026031205034637,RAWA,35,38,100,734.00,"73,400.00"
2026-03-12,325,2026031205034636,RAWA,19,38,43,735.00,"31,605.00"
2026-03-12,326,2026031205034620,RAWA,34,43,20,736.00,"14,720.00"
2026-03-12,327,2026031205034700,RFPL,38,43,88,412.80,"36,326.40"
2026-03-12,328,2026031205034699,RFPL,44,43,120,413.00,"49,560.00"
2026-03-12,329,2026031205034698,RFPL,14,43,211,413.00,"87,143.00"
2026-03-12,330,2026031205034659,RFPL,45,29,95,414.70,"39,396.50"
2026-03-12,331,2026031205034658,RFPL,45,45,400,414.00,"165,600.00"
2026-03-12,332,2026031205034657,RFPL,45,29,505,414.00,"209,070.00"
2026-03-12,333,2026031205034444,RFPL,91,29,240,414.00,"99,360.00"
2026-03-12,334,2026031205034313,RFPL,38,29,45,414.00,"18,630.00"
2026-03-12,335,2026031205034312,RFPL,38,22,200,413.90,"82,780.00"
2026-03-12,336,2026031205034310,RFPL,45,22,500,413.90,"206,950.00"
2026-03-12,337,2026031205034668,RHGCL,38,36,100,305.00,"30,500.00"
2026-03-12,338,2026031205034652,RHGCL,52,7,10,303.00,"3,030.00"
2026-03-12,339,2026031205034427,RHGCL,38,39,10,302.90,"3,029.00"
2026-03-12,340,2026031205034319,RHGCL,49,36,"1,000",305.00,"305,000.00"
2026-03-12,341,2026031205034227,RHGCL,58,36,658,305.00,"200,690.00"
2026-03-12,342,2026031205034275,RNLI,38,35,1,490.00,490.00
2026-03-12,343,2026031205034284,RNLI,34,56,924,493.00,"455,532.00"
2026-03-12,344,2026031205034283,RNLI,34,56,"1,000",493.00,"493,000.00"
2026-03-12,345,2026031205034282,RNLI,34,56,"1,000",493.00,"493,000.00"
2026-03-12,346,2026031205034281,RNLI,34,56,"1,000",493.00,"493,000.00"
2026-03-12,347,2026031205034280,RNLI,42,56,"1,133",493.10,"558,682.30"
2026-03-12,348,2026031205034279,RNLI,58,56,13,493.20,"6,411.60"
2026-03-12,349,2026031205034576,RNLI,34,59,100,493.00,"49,300.00"
2026-03-12,350,2026031205034569,RNLI,34,40,124,493.00,"61,132.00"
2026-03-12,351,2026031205034568,RNLI,34,40,76,493.00,"37,468.00"
2026-03-12,352,2026031205034461,RNLI,38,38,1,491.00,491.00
2026-03-12,353,2026031205034600,RNLI,72,88,713,496.00,"353,648.00"
2026-03-12,354,2026031205034599,RNLI,72,22,12,496.00,"5,952.00"
2026-03-12,355,2026031205034598,RNLI,72,39,12,496.00,"5,952.00"
2026-03-12,356,2026031205034597,RNLI,72,26,11,496.00,"5,456.00"
2026-03-12,357,2026031205034596,RNLI,72,25,12,495.00,"5,940.00"
2026-03-12,358,2026031205034595,RNLI,72,17,500,495.00,"247,500.00"
2026-03-12,359,2026031205034606,RNLI,72,35,12,497.00,"5,964.00"
2026-03-12,360,2026031205034605,RNLI,72,44,12,497.00,"5,964.00"
2026-03-12,361,2026031205034604,RNLI,72,45,500,496.90,"248,450.00"
2026-03-12,362,2026031205034603,RNLI,72,62,112,496.80,"55,641.60"
2026-03-12,363,2026031205034602,RNLI,72,74,100,496.70,"49,670.00"
2026-03-12,364,2026031205034601,RNLI,72,38,10,496.60,"4,966.00"
2026-03-12,365,2026031205034612,RNLI,72,35,12,498.50,"5,982.00"
2026-03-12,366,2026031205034611,RNLI,72,58,12,498.00,"5,976.00"
2026-03-12,367,2026031205034610,RNLI,72,16,12,498.00,"5,976.00"
2026-03-12,368,2026031205034609,RNLI,72,50,380,498.00,"189,240.00"
2026-03-12,369,2026031205034608,RNLI,72,34,500,498.00,"249,000.00"
2026-03-12,370,2026031205034607,RNLI,72,78,500,497.90,"248,950.00"
2026-03-12,371,2026031205034618,RNLI,72,34,100,499.00,"49,900.00"
2026-03-12,372,2026031205034617,RNLI,72,47,12,499.00,"5,988.00"
2026-03-12,373,2026031205034616,RNLI,72,57,10,499.00,"4,990.00"
2026-03-12,374,2026031205034615,RNLI,72,58,13,499.00,"6,487.00"
2026-03-12,375,2026031205034614,RNLI,72,36,10,499.00,"4,990.00"
2026-03-12,376,2026031205034613,RNLI,72,49,12,498.50,"5,982.00"
2026-03-12,377,2026031205034582,SAHAS,6,62,"1,100",616.00,"677,600.00"
2026-03-12,378,2026031205034581,SAHAS,6,45,900,615.90,"554,310.00"
2026-03-12,379,2026031205034470,SAHAS,36,45,100,615.90,"61,590.00"
2026-03-12,380,2026031205034686,SANVI,48,26,10,835.00,"8,350.00"
2026-03-12,381,2026031205034583,SANVI,14,26,10,835.00,"8,350.00"
2026-03-12,382,2026031205034709,SEF,55,11,"2,500",10.09,"25,225.00"
2026-03-12,383,2026031205034708,SEF,55,57,"2,500",10.08,"25,200.00"
2026-03-12,384,2026031205034468,SGHC,45,50,480,414.10,"198,768.00"
2026-03-12,385,2026031205034467,SGHC,18,50,550,414.10,"227,755.00"
2026-03-12,386,2026031205034466,SGHC,20,50,970,414.20,"401,774.00"
2026-03-12,387,2026031205034360,SGHC,20,10,30,414.20,"12,426.00"
2026-03-12,388,2026031205034566,SHIVM,50,29,1,655.60,655.60
2026-03-12,389,2026031205034557,SHIVM,35,74,100,659.00,"65,900.00"
2026-03-12,390,2026031205034517,SHIVM,47,74,200,659.00,"131,800.00"
2026-03-12,391,2026031205034447,SHIVM,46,58,2,660.00,"1,320.00"
2026-03-12,392,2026031205034423,SHIVM,1,74,30,659.00,"19,770.00"
2026-03-12,393,2026031205034420,SHIVM,29,48,12,657.20,"7,886.40"
2026-03-12,394,2026031205034268,SHIVM,63,45,550,659.90,"362,945.00"
2026-03-12,395,2026031205034656,SIKLES,46,57,10,692.90,"6,929.00"
2026-03-12,396,2026031205034462,SIKLES,48,63,500,690.00,"345,000.00"
2026-03-12,397,2026031205034452,SIKLES,48,98,300,690.00,"207,000.00"
2026-03-12,398,2026031205034411,SIKLES,48,58,50,690.00,"34,500.00"
2026-03-12,399,2026031205034246,SIKLES,48,48,500,690.00,"345,000.00"
2026-03-12,400,2026031205034424,SMATA,58,22,20,818.10,"16,362.00"
2026-03-12,401,2026031205034693,SMH,94,22,80,639.00,"51,120.00"
2026-03-12,402,2026031205034692,SMH,44,22,20,640.00,"12,800.00"
2026-03-12,403,2026031205034671,SMH,95,64,10,643.00,"6,430.00"
2026-03-12,404,2026031205034358,SMH,42,64,20,643.00,"12,860.00"
2026-03-12,405,2026031205034726,SMHL,14,34,10,527.00,"5,270.00"
2026-03-12,406,2026031205034585,SMHL,1,34,40,527.00,"21,080.00"
2026-03-12,407,2026031205034565,SMHL,57,95,470,525.10,"246,797.00"
2026-03-12,408,2026031205034564,SMHL,49,95,30,525.20,"15,756.00"
2026-03-12,409,2026031205034563,SMHL,49,95,40,527.00,"21,080.00"
2026-03-12,410,2026031205034562,SMHL,29,95,100,527.20,"52,720.00"
2026-03-12,411,2026031205034514,SMHL,49,4,510,527.00,"268,770.00"
2026-03-12,412,2026031205034390,SMHL,55,4,30,527.00,"15,810.00"
2026-03-12,413,2026031205034374,SMHL,26,4,90,527.00,"47,430.00"
2026-03-12,414,2026031205034350,SMHL,58,22,100,528.00,"52,800.00"
2026-03-12,415,2026031205034228,SMHL,45,3,10,529.00,"5,290.00"
2026-03-12,416,2026031205034340,SMJC,8,35,41,490.10,"20,094.10"
2026-03-12,417,2026031205034326,SMJC,8,52,200,490.10,"98,020.00"
2026-03-12,418,2026031205034325,SMJC,32,52,300,490.10,"147,030.00"
2026-03-12,419,2026031205034691,SONA,58,34,308,452.40,"139,339.20"
2026-03-12,420,2026031205034471,SONA,58,26,10,452.40,"4,524.00"
2026-03-12,421,2026031205034353,SONA,58,50,615,452.40,"278,226.00"
2026-03-12,422,2026031205034352,SONA,55,50,10,452.60,"4,526.00"
2026-03-12,423,2026031205034351,SONA,29,50,375,454.00,"170,250.00"
2026-03-12,424,2026031205034626,SPC,67,34,111,513.80,"57,031.80"
2026-03-12,425,2026031205034621,SPC,49,4,481,510.00,"245,310.00"
2026-03-12,426,2026031205034477,SPC,36,4,100,510.00,"51,000.00"
2026-03-12,427,2026031205034349,SPC,48,4,200,510.00,"102,000.00"
2026-03-12,428,2026031205034402,SPHL,38,22,10,571.90,"5,719.00"
2026-03-12,429,2026031205034422,STC,43,13,20,"6,057.00","121,140.00"
2026-03-12,430,2026031205034421,STC,49,13,70,"6,057.10","423,997.00"
2026-03-12,431,2026031205034371,STC,54,13,100,"6,110.00","611,000.00"
2026-03-12,432,2026031205034370,STC,54,39,200,"6,110.00","1,222,000.00"
2026-03-12,433,2026031205034232,TAMOR,51,50,75,432.10,"32,407.50"
2026-03-12,434,2026031205034723,TPC,47,101,619,425.00,"263,075.00"
2026-03-12,435,2026031205034722,TPC,47,6,381,425.00,"161,925.00"
2026-03-12,436,2026031205034705,TPC,77,21,390,420.60,"164,034.00"
2026-03-12,437,2026031205034704,TPC,4,21,"4,000",420.70,"1,682,800.00"
2026-03-12,438,2026031205034703,TPC,17,21,500,421.00,"210,500.00"
2026-03-12,439,2026031205034702,TPC,53,21,100,421.00,"42,100.00"
2026-03-12,440,2026031205034260,TPC,42,41,100,424.00,"42,400.00"
2026-03-12,441,2026031205034259,TPC,42,58,10,424.00,"4,240.00"
2026-03-12,442,2026031205034258,TPC,42,50,256,423.90,"108,518.40"
2026-03-12,443,2026031205034257,TPC,42,16,500,423.00,"211,500.00"
2026-03-12,444,2026031205034256,TPC,42,34,950,423.00,"401,850.00"
2026-03-12,445,2026031205034399,TPC,77,98,850,423.90,"360,315.00"
2026-03-12,446,2026031205034339,TPC,77,50,150,423.90,"63,585.00"
2026-03-12,447,2026031205034263,TPC,42,6,509,425.00,"216,325.00"
2026-03-12,448,2026031205034262,TPC,42,74,500,424.90,"212,450.00"
2026-03-12,449,2026031205034261,TPC,42,49,175,424.80,"74,340.00"
2026-03-12,450,2026031205034701,TPC,33,21,10,421.10,"4,211.00"
2026-03-12,451,2026031205034655,TPC,42,6,110,425.00,"46,750.00"
2026-03-12,452,2026031205034654,TPC,42,47,600,424.00,"254,400.00"
2026-03-12,453,2026031205034653,TPC,42,98,290,423.00,"122,670.00"
2026-03-12,454,2026031205034631,TPC,42,98,260,423.00,"109,980.00"
2026-03-12,455,2026031205034516,TSHL,26,36,25,811.10,"20,277.50"
2026-03-12,456,2026031205034307,TSHL,26,45,66,811.10,"53,532.60"
2026-03-12,457,2026031205034497,TVCL,26,60,788,613.10,"483,122.80"
2026-03-12,458,2026031205034496,TVCL,28,60,"1,000",613.10,"613,100.00"
2026-03-12,459,2026031205034495,TVCL,26,60,500,614.00,"307,000.00"
2026-03-12,460,2026031205034494,TVCL,49,60,80,615.00,"49,200.00"
2026-03-12,461,2026031205034493,TVCL,49,60,50,615.00,"30,750.00"
2026-03-12,462,2026031205034492,TVCL,67,60,300,615.00,"184,500.00"
2026-03-12,463,2026031205034392,TVCL,74,101,950,619.10,"588,145.00"
2026-03-12,464,2026031205034391,TVCL,28,101,572,619.30,"354,239.60"
2026-03-12,465,2026031205034398,TVCL,74,101,478,617.20,"295,021.60"
2026-03-12,466,2026031205034397,TVCL,85,101,350,618.00,"216,300.00"
2026-03-12,467,2026031205034396,TVCL,85,101,350,618.00,"216,300.00"
2026-03-12,468,2026031205034395,TVCL,84,101,300,618.00,"185,400.00"
2026-03-12,469,2026031205034394,TVCL,14,101,500,618.00,"309,000.00"
2026-03-12,470,2026031205034393,TVCL,74,101,500,618.20,"309,100.00"
2026-03-12,471,2026031205034491,TVCL,25,60,300,615.00,"184,500.00"
2026-03-12,472,2026031205034490,TVCL,101,60,50,615.00,"30,750.00"
2026-03-12,473,2026031205034489,TVCL,52,60,200,615.00,"123,000.00"
2026-03-12,474,2026031205034488,TVCL,45,60,180,615.00,"110,700.00"
2026-03-12,475,2026031205034487,TVCL,43,60,30,617.10,"18,513.00"
2026-03-12,476,2026031205034486,TVCL,74,60,22,617.20,"13,578.40"
2026-03-12,477,2026031205034418,UHEWA,42,18,307,582.30,"178,766.10"
2026-03-12,478,2026031205034417,UHEWA,45,18,70,582.50,"40,775.00"
2026-03-12,479,2026031205034348,UHEWA,57,28,50,584.00,"29,200.00"
2026-03-12,480,2026031205034446,ULHC,58,42,10,555.00,"5,550.00"
2026-03-12,481,2026031205034343,ULHC,58,32,500,550.00,"275,000.00"
2026-03-12,482,2026031205034688,USHEC,45,84,10,498.00,"4,980.00"
2026-03-12,483,2026031205034294,USHEC,82,84,50,498.00,"24,900.00"
2026-03-12,484,2026031205034357,USHEC,45,48,720,495.00,"356,400.00"
2026-03-12,485,2026031205034356,USHEC,3,48,100,495.00,"49,500.00"
2026-03-12,486,2026031205034355,USHEC,49,48,400,495.20,"198,080.00"
2026-03-12,487,2026031205034354,USHEC,33,48,280,495.30,"138,684.00"
2026-03-12,488,2026031205034695,USHL,34,32,10,753.90,"7,539.00"
2026-03-12,489,2026031205034694,USHL,34,47,44,745.00,"32,780.00"
2026-03-12,490,2026031205034331,USHL,42,32,10,744.10,"7,441.00"
2026-03-12,491,2026031205034240,USHL,3,47,240,745.00,"178,800.00"
2026-03-12,492,2026031205034239,USHL,18,47,61,745.00,"45,445.00"
2026-03-12,493,2026031205034238,USHL,51,47,105,746.00,"78,330.00"
2026-03-12,494,2026031205034237,USHL,42,47,20,747.00,"14,940.00"
2026-03-12,495,2026031205034236,USHL,52,47,30,748.00,"22,440.00"
2026-03-12,496,2026031205034680,VLUCL,32,58,10,588.00,"5,880.00"
2026-03-12,497,2026031205034575,VLUCL,67,58,10,584.50,"5,845.00"
2026-03-12,498,2026031205034567,VLUCL,32,50,10,587.50,"5,875.00"
2026-03-12,499,2026031205034473,VLUCL,67,50,250,584.50,"146,125.00"
2026-03-12,500,2026031205034267,VLUCL,67,58,10,584.50,"5,845.00"
2026-03-12,501,2026031205034114,BBC,66,39,20,"4,726.00","94,520.00"
2026-03-12,502,2026031205034113,BBC,40,39,10,"4,731.00","47,310.00"
2026-03-12,503,2026031205033825,BBC,42,39,10,"4,730.00","47,300.00"
2026-03-12,504,2026031205034201,BEDC,34,35,140,527.60,"73,864.00"
2026-03-12,505,2026031205033823,BEDC,45,34,10,528.00,"5,280.00"
2026-03-12,506,2026031205034198,BHDC,4,43,300,496.00,"148,800.00"
2026-03-12,507,2026031205034197,BHDC,4,58,700,495.90,"347,130.00"
2026-03-12,508,2026031205034167,BHDC,89,42,10,495.00,"4,950.00"
2026-03-12,509,2026031205033845,BHDC,89,43,10,496.00,"4,960.00"
2026-03-12,510,2026031205033844,BHDC,61,43,10,496.90,"4,969.00"
2026-03-12,511,2026031205033737,BHDC,61,58,190,497.00,"94,430.00"
2026-03-12,512,2026031205033736,BHDC,61,54,10,497.00,"4,970.00"
2026-03-12,513,2026031205034211,BHL,6,35,10,237.50,"2,375.00"
2026-03-12,514,2026031205034210,BHL,6,1,460,237.50,"109,250.00"
2026-03-12,515,2026031205034179,BHL,35,38,500,237.10,"118,550.00"
2026-03-12,516,2026031205034166,BHL,58,1,140,237.50,"33,250.00"
2026-03-12,517,2026031205034149,BHL,4,1,400,237.50,"95,000.00"
2026-03-12,518,2026031205034116,BHL,8,74,"1,000",237.70,"237,700.00"
2026-03-12,519,2026031205033867,BHL,35,8,326,237.10,"77,294.60"
2026-03-12,520,2026031205033866,BHL,43,8,130,237.50,"30,875.00"
2026-03-12,521,2026031205033851,BHL,43,17,10,237.50,"2,375.00"
2026-03-12,522,2026031205033742,BHL,43,17,160,237.50,"38,000.00"
2026-03-12,523,2026031205034032,BHL,38,58,200,237.70,"47,540.00"
2026-03-12,524,2026031205033968,BHL,50,58,700,237.70,"166,390.00"
2026-03-12,525,2026031205033953,BHL,50,38,"1,000",237.70,"237,700.00"
2026-03-12,526,2026031205033913,BHL,50,45,200,237.70,"47,540.00"
2026-03-12,527,2026031205033899,BHL,50,49,100,237.70,"23,770.00"
2026-03-12,528,2026031205033887,BHL,50,13,"1,000",237.70,"237,700.00"
2026-03-12,529,2026031205034150,BHPL,42,1,80,580.80,"46,464.00"
2026-03-12,530,2026031205033896,BHPL,62,16,10,581.00,"5,810.00"
2026-03-12,531,2026031205033865,BHPL,16,16,50,581.00,"29,050.00"
2026-03-12,532,2026031205033826,BHPL,49,16,206,581.00,"119,686.00"
2026-03-12,533,2026031205034165,BNHC,57,95,10,370.00,"3,700.00"
2026-03-12,534,2026031205033769,BNHC,57,86,323,369.00,"119,187.00"
2026-03-12,535,2026031205033768,BNHC,57,86,177,369.00,"65,313.00"
2026-03-12,536,2026031205033767,BNHC,28,86,200,369.10,"73,820.00"
2026-03-12,537,2026031205033766,BNHC,29,86,200,369.10,"73,820.00"
2026-03-12,538,2026031205033765,BNHC,28,86,100,369.10,"36,910.00"
2026-03-12,539,2026031205033957,CHDC,38,57,12,"2,551.00","30,612.00"
2026-03-12,540,2026031205033920,CHDC,38,99,49,"2,551.00","124,999.00"
2026-03-12,541,2026031205033918,CHDC,94,65,43,"2,550.00","109,650.00"
2026-03-12,542,2026031205033877,CHDC,94,39,100,"2,550.00","255,000.00"
2026-03-12,543,2026031205033874,CHDC,32,99,51,"2,551.00","130,101.00"
2026-03-12,544,2026031205033829,CHDC,32,39,100,"2,551.00","255,100.00"
2026-03-12,545,2026031205033731,CHDC,32,80,349,"2,551.00","890,299.00"
2026-03-12,546,2026031205033730,CHDC,16,80,500,"2,551.10","1,275,550.00"
2026-03-12,547,2026031205033729,CHDC,7,80,51,"2,551.10","130,106.10"
2026-03-12,548,2026031205033741,CIT,28,22,10,"1,844.00","18,440.00"
2026-03-12,549,2026031205033740,CIT,28,22,10,"1,844.00","18,440.00"
2026-03-12,550,2026031205034176,CLI,28,45,19,485.90,"9,232.10"
2026-03-12,551,2026031205033988,CLI,34,49,13,485.10,"6,306.30"
2026-03-12,552,2026031205033869,CMF2,42,49,700,10.25,"7,175.00"
2026-03-12,553,2026031205034200,DORDI,49,49,200,310.70,"62,140.00"
2026-03-12,554,2026031205034188,DORDI,49,71,300,310.70,"93,210.00"
2026-03-12,555,2026031205034148,DORDI,49,58,208,310.70,"64,625.60"
2026-03-12,556,2026031205034147,DORDI,56,58,292,310.80,"90,753.60"
2026-03-12,557,2026031205034088,DORDI,56,43,"1,086",310.80,"337,528.80"
2026-03-12,558,2026031205033841,DORDI,52,42,20,310.20,"6,204.00"
2026-03-12,559,2026031205033828,DORDI,52,8,315,310.70,"97,870.50"
2026-03-12,560,2026031205033824,DORDI,62,8,50,310.70,"15,535.00"
2026-03-12,561,2026031205034072,DORDI,58,58,90,310.80,"27,972.00"
2026-03-12,562,2026031205033960,DORDI,49,67,"1,000",310.70,"310,700.00"
2026-03-12,563,2026031205033954,DORDI,49,6,500,310.70,"155,350.00"
2026-03-12,564,2026031205033875,DORDI,49,8,"1,000",310.70,"310,700.00"
2026-03-12,565,2026031205033873,DORDI,49,8,635,310.70,"197,294.50"
2026-03-12,566,2026031205033868,DORDI,52,49,20,310.20,"6,204.00"
2026-03-12,567,2026031205034087,DORDI,56,48,622,310.80,"193,317.60"
2026-03-12,568,2026031205034084,DORDI,49,71,500,310.70,"155,350.00"
2026-03-12,569,2026031205034082,DORDI,38,48,20,310.80,"6,216.00"
2026-03-12,570,2026031205034075,DORDI,11,48,68,310.80,"21,134.40"
2026-03-12,571,2026031205034074,DORDI,11,41,132,310.80,"41,025.60"
2026-03-12,572,2026031205034073,DORDI,11,58,100,310.80,"31,080.00"
2026-03-12,573,2026031205034216,EHPL,52,32,45,432.00,"19,440.00"
2026-03-12,574,2026031205034215,EHPL,42,32,10,432.00,"4,320.00"
2026-03-12,575,2026031205034214,EHPL,57,32,100,432.00,"43,200.00"
2026-03-12,576,2026031205034213,EHPL,22,32,76,432.00,"32,832.00"
2026-03-12,577,2026031205034212,EHPL,58,32,115,432.10,"49,691.50"
2026-03-12,578,2026031205033958,ENL,42,57,20,950.00,"19,000.00"
2026-03-12,579,2026031205033951,GCIL,50,62,47,443.00,"20,821.00"
2026-03-12,580,2026031205034128,GCIL,45,14,47,441.00,"20,727.00"
2026-03-12,581,2026031205034127,GCIL,26,14,78,442.00,"34,476.00"
2026-03-12,582,2026031205034126,GCIL,58,14,575,442.50,"254,437.50"
2026-03-12,583,2026031205033987,GCIL,26,19,22,442.00,"9,724.00"
2026-03-12,584,2026031205033986,GCIL,85,19,99,442.00,"43,758.00"
2026-03-12,585,2026031205034204,HDL,90,45,20,"1,200.00","24,000.00"
2026-03-12,586,2026031205034203,HDL,90,38,10,"1,200.00","12,000.00"
2026-03-12,587,2026031205034161,HDL,48,34,19,"1,199.90","22,798.10"
2026-03-12,588,2026031205033945,HDL,55,50,100,"1,200.00","120,000.00"
2026-03-12,589,2026031205033944,HDL,55,72,"1,185","1,200.00","1,422,000.00"
2026-03-12,590,2026031205033836,HDL,90,72,50,"1,200.00","60,000.00"
2026-03-12,591,2026031205033964,HDL,64,34,50,"1,200.00","60,000.00"
2026-03-12,592,2026031205033948,HDL,55,47,200,"1,199.30","239,860.00"
2026-03-12,593,2026031205033947,HDL,55,34,125,"1,200.00","150,000.00"
2026-03-12,594,2026031205033946,HDL,55,17,90,"1,200.00","108,000.00"
2026-03-12,595,2026031205034137,HDL,45,34,20,"1,200.00","24,000.00"
2026-03-12,596,2026031205034132,HDL,55,6,120,"1,199.90","143,988.00"
2026-03-12,597,2026031205034171,HHL,57,61,500,370.20,"185,100.00"
2026-03-12,598,2026031205033978,HHL,13,61,"2,000",370.20,"740,400.00"
2026-03-12,599,2026031205033977,HHL,42,61,50,370.20,"18,510.00"
2026-03-12,600,2026031205033976,HHL,25,61,120,370.20,"44,424.00"
2026-03-12,601,2026031205033975,HHL,26,61,200,370.30,"74,060.00"
2026-03-12,602,2026031205033974,HHL,25,61,380,370.30,"140,714.00"
2026-03-12,603,2026031205033775,HHL,28,34,286,371.00,"106,106.00"
2026-03-12,604,2026031205033834,HHL,45,62,500,370.40,"185,200.00"
2026-03-12,605,2026031205033833,HHL,38,62,30,370.50,"11,115.00"
2026-03-12,606,2026031205033832,HHL,60,62,150,370.50,"55,575.00"
2026-03-12,607,2026031205033831,HHL,14,62,70,370.80,"25,956.00"
2026-03-12,608,2026031205033830,HHL,25,62,424,370.80,"157,219.20"
2026-03-12,609,2026031205033776,HHL,28,22,14,371.00,"5,194.00"
2026-03-12,610,2026031205033973,HHL,52,61,100,370.30,"37,030.00"
2026-03-12,611,2026031205033972,HHL,43,61,94,370.30,"34,808.20"
2026-03-12,612,2026031205033959,HHL,42,67,144,370.80,"53,395.20"
2026-03-12,613,2026031205033843,HHL,42,22,200,371.00,"74,200.00"
2026-03-12,614,2026031205033842,HHL,49,22,500,371.00,"185,500.00"
2026-03-12,615,2026031205033835,HHL,43,62,236,370.30,"87,390.80"
2026-03-12,616,2026031205034164,HIDCL,62,49,386,298.50,"115,221.00"
2026-03-12,617,2026031205034163,HIDCL,62,71,990,298.50,"295,515.00"
2026-03-12,618,2026031205034131,HIDCL,62,57,200,298.10,"59,620.00"
2026-03-12,619,2026031205034077,HIDCL,19,17,100,298.30,"29,830.00"
2026-03-12,620,2026031205034076,HIDCL,19,49,100,298.30,"29,830.00"
2026-03-12,621,2026031205033980,HIDCL,62,17,795,298.10,"236,989.50"
2026-03-12,622,2026031205033979,HIDCL,40,17,205,298.10,"61,110.50"
2026-03-12,623,2026031205033971,HIDCL,43,58,30,298.20,"8,946.00"
2026-03-12,624,2026031205033838,HIDCL,40,14,300,298.10,"89,430.00"
2026-03-12,625,2026031205033837,HIDCL,26,14,100,298.20,"29,820.00"
2026-03-12,626,2026031205033770,HIDCL,45,49,400,298.30,"119,320.00"
2026-03-12,627,2026031205034173,HRL,8,11,300,888.90,"266,670.00"
2026-03-12,628,2026031205034142,HRL,45,21,152,886.70,"134,778.40"
2026-03-12,629,2026031205034141,HRL,58,21,48,886.70,"42,561.60"
2026-03-12,630,2026031205033984,HRL,62,45,10,889.00,"8,890.00"
2026-03-12,631,2026031205033898,HRL,62,39,10,887.00,"8,870.00"
2026-03-12,632,2026031205033748,HRL,58,32,152,886.70,"134,778.40"
2026-03-12,633,2026031205033747,HRL,62,32,42,886.80,"37,245.60"
2026-03-12,634,2026031205033746,HRL,62,32,19,887.00,"16,853.00"
2026-03-12,635,2026031205033745,HRL,54,32,10,887.00,"8,870.00"
2026-03-12,636,2026031205033744,HRL,14,32,10,887.00,"8,870.00"
2026-03-12,637,2026031205034209,IHL,1,38,10,538.80,"5,388.00"
2026-03-12,638,2026031205034208,IHL,1,74,30,538.00,"16,140.00"
2026-03-12,639,2026031205033732,IHL,41,4,10,535.20,"5,352.00"
2026-03-12,640,2026031205033963,ILI,85,51,21,461.00,"9,681.00"
2026-03-12,641,2026031205033905,ILI,85,45,45,461.00,"20,745.00"
2026-03-12,642,2026031205033839,ILI,85,32,40,461.00,"18,440.00"
2026-03-12,643,2026031205034129,KBSH,45,48,96,"1,700.00","163,200.00"
2026-03-12,644,2026031205033919,MAKAR,56,35,50,565.00,"28,250.00"
2026-03-12,645,2026031205034160,MBJC,58,49,300,310.90,"93,270.00"
2026-03-12,646,2026031205034078,MBJC,55,26,10,310.10,"3,101.00"
2026-03-12,647,2026031205033929,MBJC,39,59,10,310.00,"3,100.00"
2026-03-12,648,2026031205033818,MEHL,58,57,200,477.00,"95,400.00"
2026-03-12,649,2026031205034169,MEL,13,58,20,300.10,"6,002.00"
2026-03-12,650,2026031205033900,MEL,13,48,500,300.00,"150,000.00"
2026-03-12,651,2026031205033985,MHCL,58,35,250,382.90,"95,725.00"
2026-03-12,652,2026031205033897,MHCL,57,35,30,382.90,"11,487.00"
2026-03-12,653,2026031205034003,MHL,10,45,55,548.50,"30,167.50"
2026-03-12,654,2026031205034002,MHL,10,6,55,548.50,"30,167.50"
2026-03-12,655,2026031205033943,MHL,10,13,200,547.00,"109,400.00"
2026-03-12,656,2026031205033819,MHL,10,6,284,547.00,"155,348.00"
2026-03-12,657,2026031205033743,MHL,52,6,200,547.00,"109,400.00"
2026-03-12,658,2026031205034017,MKHC,58,42,223,353.00,"78,719.00"
2026-03-12,659,2026031205034016,MKHC,33,42,277,353.00,"97,781.00"
2026-03-12,660,2026031205034015,MKHC,26,42,500,353.10,"176,550.00"
2026-03-12,661,2026031205033872,MKHC,33,42,80,353.00,"28,240.00"
2026-03-12,662,2026031205033772,MKHC,33,58,44,353.00,"15,532.00"
2026-03-12,663,2026031205034182,MKJC,58,58,325,547.90,"178,067.50"
2026-03-12,664,2026031205034181,MKJC,58,51,60,547.80,"32,868.00"
2026-03-12,665,2026031205034180,MKJC,58,29,115,545.00,"62,675.00"
2026-03-12,666,2026031205033871,MKJC,25,45,9,542.00,"4,878.00"
2026-03-12,667,2026031205033821,MKJC,57,29,100,545.00,"54,500.00"
2026-03-12,668,2026031205033956,MSHL,56,50,10,823.90,"8,239.00"
2026-03-12,669,2026031205034008,NICFC,21,58,800,9.50,"7,600.00"
2026-03-12,670,2026031205034007,NICFC,21,58,100,9.50,950.00
2026-03-12,671,2026031205034158,NIFRA,83,58,800,285.10,"228,080.00"
2026-03-12,672,2026031205034125,NIFRA,52,34,60,285.50,"17,130.00"
2026-03-12,673,2026031205034124,NIFRA,52,51,39,285.50,"11,134.50"
2026-03-12,674,2026031205034123,NIFRA,52,50,401,285.50,"114,485.50"
2026-03-12,675,2026031205034031,NIFRA,58,50,100,285.50,"28,550.00"
2026-03-12,676,2026031205033970,NIFRA,83,42,200,285.00,"57,000.00"
2026-03-12,677,2026031205033966,NIFRA,4,42,200,285.00,"57,000.00"
2026-03-12,678,2026031205033895,NIFRA,52,58,50,285.00,"14,250.00"
2026-03-12,679,2026031205033773,NIFRA,41,58,926,285.00,"263,910.00"
2026-03-12,680,2026031205033739,NIFRA,65,34,10,285.60,"2,856.00"
2026-03-12,681,2026031205033738,NIFRA,65,58,10,285.40,"2,854.00"
2026-03-12,682,2026031205034199,NRIC,57,81,135,"1,251.00","168,885.00"
2026-03-12,683,2026031205034189,NRIC,47,81,200,"1,251.00","250,200.00"
2026-03-12,684,2026031205034151,NRIC,26,81,200,"1,251.00","250,200.00"
2026-03-12,685,2026031205033911,NRIC,29,62,455,"1,251.00","569,205.00"
2026-03-12,686,2026031205033910,NRIC,54,62,20,"1,252.10","25,042.00"
2026-03-12,687,2026031205033909,NRIC,75,62,26,"1,252.10","32,554.60"
2026-03-12,688,2026031205033908,NRIC,49,62,199,"1,253.00","249,347.00"
2026-03-12,689,2026031205033907,NRIC,48,62,300,"1,253.10","375,930.00"
2026-03-12,690,2026031205034136,NRIC,29,81,555,"1,251.00","694,305.00"
2026-03-12,691,2026031205034135,NRIC,29,81,100,"1,251.00","125,100.00"
2026-03-12,692,2026031205034134,NRIC,55,81,"1,000","1,251.10","1,251,100.00"
2026-03-12,693,2026031205034133,NRIC,101,81,300,"1,253.00","375,900.00"
2026-03-12,694,2026031205034146,NRM,40,70,100,444.00,"44,400.00"
2026-03-12,695,2026031205034145,NRM,40,90,50,444.00,"22,200.00"
2026-03-12,696,2026031205034144,NRM,40,45,321,444.00,"142,524.00"
2026-03-12,697,2026031205033983,NRM,58,45,500,444.00,"222,000.00"
2026-03-12,698,2026031205033903,NRM,57,45,200,444.00,"88,800.00"
2026-03-12,699,2026031205033902,NRM,57,36,10,443.90,"4,439.00"
2026-03-12,700,2026031205033901,NRM,57,45,100,443.90,"44,390.00"
2026-03-12,701,2026031205034172,NRN,18,84,40,"1,525.00","61,000.00"
2026-03-12,702,2026031205034157,NRN,26,84,90,"1,525.00","137,250.00"
2026-03-12,703,2026031205034156,NRN,58,84,100,"1,525.00","152,500.00"
2026-03-12,704,2026031205033881,NRN,58,38,10,"1,528.00","15,280.00"
2026-03-12,705,2026031205033840,NRN,4,32,75,"1,528.00","114,600.00"
2026-03-12,706,2026031205033981,NRN,38,58,10,"1,528.00","15,280.00"
2026-03-12,707,2026031205033982,NRN,48,58,490,"1,527.00","748,230.00"
2026-03-12,708,2026031205034155,NRN,32,84,25,"1,525.00","38,125.00"
2026-03-12,709,2026031205034154,NRN,77,84,30,"1,525.00","45,750.00"
2026-03-12,710,2026031205034153,NRN,40,84,10,"1,525.00","15,250.00"
2026-03-12,711,2026031205034152,NRN,48,84,51,"1,527.00","77,877.00"
2026-03-12,712,2026031205034115,NTC,46,17,20,887.00,"17,740.00"
2026-03-12,713,2026031205033763,NTC,64,49,16,886.60,"14,185.60"
2026-03-12,714,2026031205033762,NTC,32,49,10,886.60,"8,866.00"
2026-03-12,715,2026031205033727,NYADI,48,45,10,418.40,"4,184.00"
2026-03-12,716,2026031205034162,PHCL,58,54,10,320.00,"3,200.00"
2026-03-12,717,2026031205034009,PHCL,43,54,30,320.00,"9,600.00"
2026-03-12,718,2026031205033886,PHCL,37,54,110,320.00,"35,200.00"
2026-03-12,719,2026031205033885,PHCL,37,6,10,320.00,"3,200.00"
2026-03-12,720,2026031205033884,PHCL,37,45,163,320.00,"52,160.00"
2026-03-12,721,2026031205033883,PHCL,37,59,17,320.00,"5,440.00"
2026-03-12,722,2026031205033882,PHCL,37,52,700,319.90,"223,930.00"
2026-03-12,723,2026031205034217,PPL,49,47,100,404.50,"40,450.00"
2026-03-12,724,2026031205034168,PPL,45,47,40,404.50,"16,180.00"
2026-03-12,725,2026031205034086,PPL,11,64,80,404.20,"32,336.00"
2026-03-12,726,2026031205034085,PPL,58,64,20,404.30,"8,086.00"
2026-03-12,727,2026031205034083,PPL,22,47,19,404.50,"7,685.50"
2026-03-12,728,2026031205034030,PPL,22,74,560,404.50,"226,520.00"
2026-03-12,729,2026031205034029,PPL,35,74,100,404.60,"40,460.00"
2026-03-12,730,2026031205034028,PPL,38,74,200,405.00,"81,000.00"
2026-03-12,731,2026031205034027,PPL,45,74,30,405.00,"12,150.00"
2026-03-12,732,2026031205034026,PPL,22,74,110,405.00,"44,550.00"
2026-03-12,733,2026031205034140,RFPL,14,38,20,413.00,"8,260.00"
2026-03-12,734,2026031205034071,RFPL,14,58,10,413.00,"4,130.00"
2026-03-12,735,2026031205034019,RFPL,14,58,759,413.00,"313,467.00"
2026-03-12,736,2026031205033962,RFPL,58,29,210,414.00,"86,940.00"
2026-03-12,737,2026031205033927,RFPL,58,46,10,414.00,"4,140.00"
2026-03-12,738,2026031205033926,RFPL,58,51,990,414.00,"409,860.00"
2026-03-12,739,2026031205033925,RFPL,58,74,100,413.80,"41,380.00"
2026-03-12,740,2026031205033924,RFPL,58,35,200,413.00,"82,600.00"
2026-03-12,741,2026031205033923,RFPL,58,58,94,413.00,"38,822.00"
2026-03-12,742,2026031205033922,RFPL,58,38,20,413.00,"8,260.00"
2026-03-12,743,2026031205033921,RFPL,58,37,376,412.80,"155,212.80"
2026-03-12,744,2026031205033870,RFPL,36,37,200,412.80,"82,560.00"
2026-03-12,745,2026031205034226,RHGCL,58,19,500,304.80,"152,400.00"
2026-03-12,746,2026031205034225,RHGCL,58,7,250,304.80,"76,200.00"
2026-03-12,747,2026031205034224,RHGCL,58,45,500,304.70,"152,350.00"
2026-03-12,748,2026031205034223,RHGCL,58,62,530,304.00,"161,120.00"
2026-03-12,749,2026031205034222,RHGCL,58,6,250,304.00,"76,000.00"
2026-03-12,750,2026031205034221,RHGCL,58,4,65,303.90,"19,753.50"
2026-03-12,751,2026031205033761,RHGCL,42,19,100,302.00,"30,200.00"
2026-03-12,752,2026031205033760,RHGCL,45,19,200,302.00,"60,400.00"
2026-03-12,753,2026031205033759,RHGCL,6,19,100,302.00,"30,200.00"
2026-03-12,754,2026031205033758,RHGCL,42,19,10,302.10,"3,021.00"
2026-03-12,755,2026031205033757,RHGCL,6,19,150,302.10,"45,315.00"
2026-03-12,756,2026031205033756,RHGCL,38,19,638,302.10,"192,739.80"
2026-03-12,757,2026031205034192,RHGCL,4,95,"1,871",303.00,"566,913.00"
2026-03-12,758,2026031205034191,RHGCL,4,59,40,302.90,"12,116.00"
2026-03-12,759,2026031205034190,RHGCL,4,19,152,302.90,"46,040.80"
2026-03-12,760,2026031205034006,RHGCL,22,19,650,302.90,"196,885.00"
2026-03-12,761,2026031205034005,RHGCL,22,45,350,302.00,"105,700.00"
2026-03-12,762,2026031205033914,RHGCL,52,45,150,302.00,"45,300.00"
2026-03-12,763,2026031205034220,RHGCL,58,49,10,303.90,"3,039.00"
2026-03-12,764,2026031205034219,RHGCL,58,42,20,303.00,"6,060.00"
2026-03-12,765,2026031205034218,RHGCL,58,34,217,303.00,"65,751.00"
2026-03-12,766,2026031205034195,RHGCL,4,34,83,303.00,"25,149.00"
2026-03-12,767,2026031205034194,RHGCL,4,36,499,303.00,"151,197.00"
2026-03-12,768,2026031205034193,RHGCL,4,35,355,303.00,"107,565.00"
2026-03-12,769,2026031205034186,RNLI,48,58,2,495.00,990.00
2026-03-12,770,2026031205034185,RNLI,48,48,400,494.90,"197,960.00"
2026-03-12,771,2026031205034184,RNLI,48,49,250,494.90,"123,725.00"
2026-03-12,772,2026031205034183,RNLI,48,49,12,494.00,"5,928.00"
2026-03-12,773,2026031205034117,RNLI,58,58,12,493.20,"5,918.40"
2026-03-12,774,2026031205033955,RNLI,42,59,14,493.10,"6,903.40"
2026-03-12,775,2026031205033904,RNLI,42,44,12,493.10,"5,917.20"
2026-03-12,776,2026031205033774,RNLI,42,47,912,493.10,"449,707.20"
2026-03-12,777,2026031205034159,SAHAS,58,62,18,616.00,"11,088.00"
2026-03-12,778,2026031205034122,SAHAS,38,62,10,616.00,"6,160.00"
2026-03-12,779,2026031205034121,SAHAS,22,62,50,616.00,"30,800.00"
2026-03-12,780,2026031205034120,SAHAS,4,62,650,616.00,"400,400.00"
2026-03-12,781,2026031205033854,SAHAS,43,72,500,617.00,"308,500.00"
2026-03-12,782,2026031205033771,SAHAS,56,72,100,617.00,"61,700.00"
2026-03-12,783,2026031205034174,SANVI,4,38,300,825.50,"247,650.00"
2026-03-12,784,2026031205034112,SANVI,4,68,299,825.50,"246,824.50"
2026-03-12,785,2026031205034111,SANVI,52,68,100,825.60,"82,560.00"
2026-03-12,786,2026031205034110,SANVI,3,68,100,825.60,"82,560.00"
2026-03-12,787,2026031205034109,SANVI,41,68,30,825.70,"24,771.00"
2026-03-12,788,2026031205034108,SANVI,1,68,50,826.00,"41,300.00"
2026-03-12,789,2026031205033859,SANVI,38,38,200,830.00,"166,000.00"
2026-03-12,790,2026031205033858,SANVI,58,38,40,830.00,"33,200.00"
2026-03-12,791,2026031205033857,SANVI,51,38,100,831.00,"83,100.00"
2026-03-12,792,2026031205033856,SANVI,42,38,10,833.50,"8,335.00"
2026-03-12,793,2026031205033855,SANVI,7,38,24,834.00,"20,016.00"
2026-03-12,794,2026031205033879,SANVI,16,32,63,835.00,"52,605.00"
2026-03-12,795,2026031205033878,SANVI,16,6,10,834.90,"8,349.00"
2026-03-12,796,2026031205033863,SANVI,51,38,156,830.00,"129,480.00"
2026-03-12,797,2026031205033862,SANVI,45,38,20,830.00,"16,600.00"
2026-03-12,798,2026031205033861,SANVI,36,38,200,830.00,"166,000.00"
2026-03-12,799,2026031205033860,SANVI,44,38,250,830.00,"207,500.00"
2026-03-12,800,2026031205034101,SANVI,50,68,57,829.70,"47,292.90"
2026-03-12,801,2026031205034100,SANVI,36,68,20,830.00,"16,600.00"
2026-03-12,802,2026031205034099,SANVI,51,68,144,830.00,"119,520.00"
2026-03-12,803,2026031205034098,SANVI,54,68,50,833.50,"41,675.00"
2026-03-12,804,2026031205034097,SANVI,36,68,20,833.50,"16,670.00"
2026-03-12,805,2026031205033880,SANVI,16,42,10,835.00,"8,350.00"
2026-03-12,806,2026031205034107,SANVI,45,68,10,828.00,"8,280.00"
2026-03-12,807,2026031205034106,SANVI,36,68,30,829.00,"24,870.00"
2026-03-12,808,2026031205034105,SANVI,11,68,50,829.00,"41,450.00"
2026-03-12,809,2026031205034104,SANVI,50,68,10,829.00,"8,290.00"
2026-03-12,810,2026031205034103,SANVI,58,68,10,829.10,"8,291.00"
2026-03-12,811,2026031205034102,SANVI,45,68,20,829.20,"16,584.00"
2026-03-12,812,2026031205034119,SEF,4,43,"5,000",9.98,"49,900.00"
2026-03-12,813,2026031205034187,SGHC,63,48,619,415.00,"256,885.00"
2026-03-12,814,2026031205034014,SGHC,18,50,450,414.10,"186,345.00"
2026-03-12,815,2026031205034013,SGHC,64,50,300,414.10,"124,230.00"
2026-03-12,816,2026031205034012,SGHC,52,50,"1,000",414.20,"414,200.00"
2026-03-12,817,2026031205034011,SGHC,1,50,200,414.20,"82,840.00"
2026-03-12,818,2026031205034010,SGHC,25,50,50,415.00,"20,750.00"
2026-03-12,819,2026031205033952,SGHC,25,37,50,415.00,"20,750.00"
2026-03-12,820,2026031205033942,SHIVM,56,34,241,660.00,"159,060.00"
2026-03-12,821,2026031205033941,SHIVM,56,42,200,660.00,"132,000.00"
2026-03-12,822,2026031205033940,SHIVM,56,19,200,660.00,"132,000.00"
2026-03-12,823,2026031205033939,SHIVM,56,57,222,660.00,"146,520.00"
2026-03-12,824,2026031205033938,SHIVM,56,40,408,660.00,"269,280.00"
2026-03-12,825,2026031205033937,SHIVM,56,51,100,660.00,"66,000.00"
2026-03-12,826,2026031205033751,SHIVM,56,49,395,658.00,"259,910.00"
2026-03-12,827,2026031205033750,SHIVM,56,55,845,658.00,"556,010.00"
2026-03-12,828,2026031205033749,SHIVM,56,36,67,657.00,"44,019.00"
2026-03-12,829,2026031205033728,SHIVM,34,36,250,657.00,"164,250.00"
2026-03-12,830,2026031205033930,SHIVM,56,81,391,659.00,"257,669.00"
2026-03-12,831,2026031205033876,SHIVM,29,33,50,656.50,"32,825.00"
2026-03-12,832,2026031205033755,SHIVM,56,81,309,659.00,"203,631.00"
2026-03-12,833,2026031205033754,SHIVM,56,81,700,659.00,"461,300.00"
2026-03-12,834,2026031205033753,SHIVM,56,36,184,658.20,"121,108.80"
2026-03-12,835,2026031205033752,SHIVM,56,34,500,658.00,"329,000.00"
2026-03-12,836,2026031205033936,SHIVM,56,25,52,660.00,"34,320.00"
2026-03-12,837,2026031205033935,SHIVM,56,38,80,660.00,"52,800.00"
2026-03-12,838,2026031205033934,SHIVM,56,62,50,660.00,"33,000.00"
2026-03-12,839,2026031205033933,SHIVM,56,36,56,660.00,"36,960.00"
2026-03-12,840,2026031205033932,SHIVM,56,52,200,659.50,"131,900.00"
2026-03-12,841,2026031205033931,SHIVM,56,35,800,659.00,"527,200.00"
2026-03-12,842,2026031205034070,SIKLES,48,29,468,693.00,"324,324.00"
2026-03-12,843,2026031205034069,SIKLES,48,33,"1,000",693.00,"693,000.00"
2026-03-12,844,2026031205034068,SIKLES,48,35,20,692.50,"13,850.00"
2026-03-12,845,2026031205034067,SIKLES,48,26,30,692.00,"20,760.00"
2026-03-12,846,2026031205034066,SIKLES,48,16,20,691.00,"13,820.00"
2026-03-12,847,2026031205034065,SIKLES,48,4,222,690.50,"153,291.00"
2026-03-12,848,2026031205033777,SIKLES,48,74,75,674.00,"50,550.00"
2026-03-12,849,2026031205033783,SIKLES,48,17,100,679.90,"67,990.00"
2026-03-12,850,2026031205033782,SIKLES,48,59,200,679.90,"135,980.00"
2026-03-12,851,2026031205033781,SIKLES,48,51,735,679.50,"499,432.50"
2026-03-12,852,2026031205033780,SIKLES,48,4,16,679.00,"10,864.00"
2026-03-12,853,2026031205033779,SIKLES,48,13,"1,000",678.00,"678,000.00"
2026-03-12,854,2026031205033778,SIKLES,48,36,300,675.00,"202,500.00"
2026-03-12,855,2026031205033789,SIKLES,48,35,10,680.00,"6,800.00"
2026-03-12,856,2026031205033788,SIKLES,48,59,100,680.00,"68,000.00"
2026-03-12,857,2026031205033787,SIKLES,48,58,50,680.00,"34,000.00"
2026-03-12,858,2026031205033786,SIKLES,48,45,100,680.00,"68,000.00"
2026-03-12,859,2026031205033785,SIKLES,48,19,100,680.00,"68,000.00"
2026-03-12,860,2026031205033784,SIKLES,48,25,20,680.00,"13,600.00"
2026-03-12,861,2026031205033795,SIKLES,48,4,200,680.00,"136,000.00"
2026-03-12,862,2026031205033794,SIKLES,48,26,"2,000",680.00,"1,360,000.00"
2026-03-12,863,2026031205033793,SIKLES,48,51,125,680.00,"85,000.00"
2026-03-12,864,2026031205033792,SIKLES,48,46,500,680.00,"340,000.00"
2026-03-12,865,2026031205033791,SIKLES,48,4,100,680.00,"68,000.00"
2026-03-12,866,2026031205033790,SIKLES,48,72,100,680.00,"68,000.00"
2026-03-12,867,2026031205033801,SIKLES,48,37,50,681.00,"34,050.00"
2026-03-12,868,2026031205033800,SIKLES,48,38,"1,500",681.00,"1,021,500.00"
2026-03-12,869,2026031205033799,SIKLES,48,11,100,680.50,"68,050.00"
2026-03-12,870,2026031205033798,SIKLES,48,49,100,680.00,"68,000.00"
2026-03-12,871,2026031205033797,SIKLES,48,39,195,680.00,"132,600.00"
2026-03-12,872,2026031205033796,SIKLES,48,44,15,680.00,"10,200.00"
2026-03-12,873,2026031205033807,SIKLES,48,39,50,682.00,"34,100.00"
2026-03-12,874,2026031205033806,SIKLES,48,1,"1,000",682.00,"682,000.00"
2026-03-12,875,2026031205033805,SIKLES,48,38,10,682.00,"6,820.00"
2026-03-12,876,2026031205033804,SIKLES,48,16,465,682.00,"317,130.00"
2026-03-12,877,2026031205033803,SIKLES,48,42,50,681.80,"34,090.00"
2026-03-12,878,2026031205033802,SIKLES,48,43,170,681.00,"115,770.00"
2026-03-12,879,2026031205033813,SIKLES,48,25,50,683.70,"34,185.00"
2026-03-12,880,2026031205033812,SIKLES,48,92,50,683.50,"34,175.00"
2026-03-12,881,2026031205033811,SIKLES,48,22,"3,000",683.00,"2,049,000.00"
2026-03-12,882,2026031205033810,SIKLES,48,74,200,683.00,"136,600.00"
2026-03-12,883,2026031205033809,SIKLES,48,52,50,682.00,"34,100.00"
2026-03-12,884,2026031205033808,SIKLES,48,45,500,682.00,"341,000.00"
2026-03-12,885,2026031205034034,SIKLES,48,57,20,678.00,"13,560.00"
2026-03-12,886,2026031205034033,SIKLES,48,35,201,675.00,"135,675.00"
2026-03-12,887,2026031205033817,SIKLES,48,14,94,685.00,"64,390.00"
2026-03-12,888,2026031205033816,SIKLES,48,59,500,684.00,"342,000.00"
2026-03-12,889,2026031205033815,SIKLES,48,52,20,684.00,"13,680.00"
2026-03-12,890,2026031205033814,SIKLES,48,14,"1,000",684.00,"684,000.00"
2026-03-12,891,2026031205034040,SIKLES,48,63,50,685.00,"34,250.00"
2026-03-12,892,2026031205034039,SIKLES,48,14,100,685.00,"68,500.00"
2026-03-12,893,2026031205034038,SIKLES,48,14,406,685.00,"278,110.00"
2026-03-12,894,2026031205034037,SIKLES,48,38,270,683.00,"184,410.00"
2026-03-12,895,2026031205034036,SIKLES,48,25,255,680.00,"173,400.00"
2026-03-12,896,2026031205034035,SIKLES,48,51,735,679.50,"499,432.50"
2026-03-12,897,2026031205034046,SIKLES,48,34,500,686.00,"343,000.00"
2026-03-12,898,2026031205034045,SIKLES,48,4,100,685.00,"68,500.00"
2026-03-12,899,2026031205034044,SIKLES,48,45,"1,000",685.00,"685,000.00"
2026-03-12,900,2026031205034043,SIKLES,48,14,497,685.00,"340,445.00"
2026-03-12,901,2026031205034042,SIKLES,48,41,300,685.00,"205,500.00"
2026-03-12,902,2026031205034041,SIKLES,48,58,100,685.00,"68,500.00"
2026-03-12,903,2026031205034052,SIKLES,48,93,400,688.00,"275,200.00"
2026-03-12,904,2026031205034051,SIKLES,48,42,200,687.40,"137,480.00"
2026-03-12,905,2026031205034050,SIKLES,48,49,10,687.00,"6,870.00"
2026-03-12,906,2026031205034049,SIKLES,48,40,50,687.00,"34,350.00"
2026-03-12,907,2026031205034048,SIKLES,48,42,100,686.90,"68,690.00"
2026-03-12,908,2026031205034047,SIKLES,48,32,22,686.30,"15,098.60"
2026-03-12,909,2026031205034058,SIKLES,48,59,40,690.00,"27,600.00"
2026-03-12,910,2026031205034057,SIKLES,48,22,500,688.00,"344,000.00"
2026-03-12,911,2026031205034056,SIKLES,48,56,980,688.00,"674,240.00"
2026-03-12,912,2026031205034055,SIKLES,48,43,100,688.00,"68,800.00"
2026-03-12,913,2026031205034054,SIKLES,48,7,160,688.00,"110,080.00"
2026-03-12,914,2026031205034053,SIKLES,48,49,110,688.00,"75,680.00"
2026-03-12,915,2026031205034064,SIKLES,48,69,300,690.50,"207,150.00"
2026-03-12,916,2026031205034063,SIKLES,48,13,10,690.50,"6,905.00"
2026-03-12,917,2026031205034062,SIKLES,48,41,174,690.00,"120,060.00"
2026-03-12,918,2026031205034061,SIKLES,48,42,50,690.00,"34,500.00"
2026-03-12,919,2026031205034060,SIKLES,48,45,300,690.00,"207,000.00"
2026-03-12,920,2026031205034059,SIKLES,48,85,200,690.00,"138,000.00"
2026-03-12,921,2026031205034004,SMATA,58,42,95,818.10,"77,719.50"
2026-03-12,922,2026031205033894,SMH,54,34,40,645.00,"25,800.00"
2026-03-12,923,2026031205033893,SMH,54,48,20,644.90,"12,898.00"
2026-03-12,924,2026031205033892,SMH,54,43,300,644.90,"193,470.00"
2026-03-12,925,2026031205033891,SMH,54,48,10,640.00,"6,400.00"
2026-03-12,926,2026031205033890,SMH,54,56,96,640.00,"61,440.00"
2026-03-12,927,2026031205033889,SMH,54,89,14,640.00,"8,960.00"
2026-03-12,928,2026031205033888,SMH,54,6,20,639.90,"12,798.00"
2026-03-12,929,2026031205034021,SMHL,19,3,970,529.00,"513,130.00"
2026-03-12,930,2026031205034020,SMHL,19,43,30,528.90,"15,867.00"
2026-03-12,931,2026031205034018,SMHL,45,43,50,528.90,"26,445.00"
2026-03-12,932,2026031205033965,SMHL,45,43,10,528.90,"5,289.00"
2026-03-12,933,2026031205033853,SMHL,65,43,10,528.90,"5,289.00"
2026-03-12,934,2026031205033852,SMHL,65,5,490,528.00,"258,720.00"
2026-03-12,935,2026031205033827,SMHL,51,5,10,528.00,"5,280.00"
2026-03-12,936,2026031205034207,SONA,29,67,10,453.10,"4,531.00"
2026-03-12,937,2026031205034206,SONA,29,66,101,453.10,"45,763.10"
2026-03-12,938,2026031205034205,SONA,29,17,14,453.00,"6,342.00"
2026-03-12,939,2026031205034170,SONA,58,66,200,452.60,"90,520.00"
2026-03-12,940,2026031205034130,SONA,58,17,36,453.00,"16,308.00"
2026-03-12,941,2026031205034023,SONA,58,66,894,453.10,"405,071.40"
2026-03-12,942,2026031205034022,SONA,58,45,70,453.10,"31,717.00"
2026-03-12,943,2026031205033917,SONA,58,32,200,453.00,"90,600.00"
2026-03-12,944,2026031205033916,SONA,58,42,10,453.00,"4,530.00"
2026-03-12,945,2026031205033915,SONA,58,35,754,453.00,"341,562.00"
2026-03-12,946,2026031205034001,SPC,50,4,100,510.00,"51,000.00"
2026-03-12,947,2026031205034000,SPC,22,4,100,510.00,"51,000.00"
2026-03-12,948,2026031205033999,SPC,21,4,80,510.00,"40,800.00"
2026-03-12,949,2026031205033998,SPC,48,4,500,510.40,"255,200.00"
2026-03-12,950,2026031205033997,SPC,45,4,500,511.00,"255,500.00"
2026-03-12,951,2026031205033996,SPC,36,4,46,511.00,"23,506.00"
2026-03-12,952,2026031205033989,SPC,41,4,66,512.60,"33,831.60"
2026-03-12,953,2026031205033995,SPC,42,4,200,511.00,"102,200.00"
2026-03-12,954,2026031205033994,SPC,5,4,10,511.00,"5,110.00"
2026-03-12,955,2026031205033993,SPC,6,4,60,511.00,"30,660.00"
2026-03-12,956,2026031205033992,SPC,42,4,17,512.00,"8,704.00"
2026-03-12,957,2026031205033991,SPC,6,4,300,512.10,"153,630.00"
2026-03-12,958,2026031205033990,SPC,57,4,180,512.50,"92,250.00"
2026-03-12,959,2026031205034175,SPL,57,47,10,746.10,"7,461.00"
2026-03-12,960,2026031205034178,STC,49,39,30,"6,057.10","181,713.00"
2026-03-12,961,2026031205034177,STC,32,39,20,"6,057.10","121,142.00"
2026-03-12,962,2026031205033969,TAMOR,36,58,40,432.00,"17,280.00"
2026-03-12,963,2026031205033928,TAMOR,51,58,400,431.60,"172,640.00"
2026-03-12,964,2026031205033847,TAMOR,36,58,10,432.00,"4,320.00"
2026-03-12,965,2026031205033846,TAMOR,36,6,70,432.00,"30,240.00"
2026-03-12,966,2026031205033822,TAMOR,51,81,350,431.60,"151,060.00"
2026-03-12,967,2026031205034202,TPC,47,58,100,422.00,"42,200.00"
2026-03-12,968,2026031205034143,TPC,50,50,100,423.90,"42,390.00"
2026-03-12,969,2026031205034081,TPC,42,50,250,423.90,"105,975.00"
2026-03-12,970,2026031205034080,TPC,42,38,40,423.50,"16,940.00"
2026-03-12,971,2026031205034079,TPC,42,74,710,423.00,"300,330.00"
2026-03-12,972,2026031205033961,TPC,53,8,100,421.00,"42,100.00"
2026-03-12,973,2026031205033950,TPC,42,74,290,423.00,"122,670.00"
2026-03-12,974,2026031205033949,TPC,42,74,10,422.00,"4,220.00"
2026-03-12,975,2026031205033912,TPC,48,74,290,422.90,"122,641.00"
2026-03-12,976,2026031205033906,TPC,48,38,200,422.90,"84,580.00"
2026-03-12,977,2026031205034025,TVCL,28,71,428,619.30,"265,060.40"
2026-03-12,978,2026031205034024,TVCL,101,71,316,620.00,"195,920.00"
2026-03-12,979,2026031205034096,ULHC,58,42,486,555.00,"269,730.00"
2026-03-12,980,2026031205034095,ULHC,58,58,10,555.00,"5,550.00"
2026-03-12,981,2026031205034094,ULHC,58,35,150,554.90,"83,235.00"
2026-03-12,982,2026031205034093,ULHC,58,74,100,554.00,"55,400.00"
2026-03-12,983,2026031205034092,ULHC,58,58,500,552.00,"276,000.00"
2026-03-12,984,2026031205034091,ULHC,58,44,10,551.00,"5,510.00"
2026-03-12,985,2026031205034090,ULHC,58,46,10,550.20,"5,502.00"
2026-03-12,986,2026031205034089,ULHC,58,45,234,550.20,"128,746.80"
2026-03-12,987,2026031205033820,ULHC,58,42,50,550.00,"27,500.00"
2026-03-12,988,2026031205033764,ULHC,58,38,20,550.00,"11,000.00"
2026-03-12,989,2026031205034196,USHEC,45,84,10,498.00,"4,980.00"
2026-03-12,990,2026031205034139,USHEC,33,57,470,495.30,"232,791.00"
2026-03-12,991,2026031205034138,USHEC,82,57,30,496.00,"14,880.00"
2026-03-12,992,2026031205033849,USHEC,29,25,220,495.70,"109,054.00"
2026-03-12,993,2026031205033848,USHEC,56,25,50,495.70,"24,785.00"
2026-03-12,994,2026031205033735,USHEC,49,84,40,499.00,"19,960.00"
2026-03-12,995,2026031205033734,USHEC,49,1,10,499.00,"4,990.00"
2026-03-12,996,2026031205033733,USHEC,49,62,305,499.00,"152,195.00"
2026-03-12,997,2026031205033850,USHEC,33,25,250,495.30,"123,825.00"
2026-03-12,998,2026031205034118,USHEC,82,84,100,499.00,"49,900.00"
2026-03-12,999,2026031205033967,USHEC,3,84,10,499.00,"4,990.00"
2026-03-12,1000,2026031205033864,VLUCL,67,32,89,584.50,"52,020.50"
2026-03-12,1001,2026031205033724,AHL,96,34,25,543.00,"13,575.00"
2026-03-12,1002,2026031205033592,AHL,43,34,15,543.00,"8,145.00"
2026-03-12,1003,2026031205033645,BEDC,34,58,10,527.60,"5,276.00"
2026-03-12,1004,2026031205033320,BGWT,63,13,30,776.00,"23,280.00"
2026-03-12,1005,2026031205033726,BHL,43,8,200,237.50,"47,500.00"
2026-03-12,1006,2026031205033723,BHL,42,8,500,237.50,"118,750.00"
2026-03-12,1007,2026031205033688,BHL,55,8,800,237.50,"190,000.00"
2026-03-12,1008,2026031205033615,BHL,51,39,271,237.90,"64,470.90"
2026-03-12,1009,2026031205033614,BHL,51,42,38,237.90,"9,040.20"
2026-03-12,1010,2026031205033613,BHL,51,13,150,237.80,"35,670.00"
2026-03-12,1011,2026031205033229,BHL,46,75,744,237.40,"176,625.60"
2026-03-12,1012,2026031205033300,BHL,33,58,30,237.50,"7,125.00"
2026-03-12,1013,2026031205033299,BHL,33,36,500,237.50,"118,750.00"
2026-03-12,1014,2026031205033298,BHL,33,54,50,237.50,"11,875.00"
2026-03-12,1015,2026031205033235,BHL,38,4,465,237.00,"110,205.00"
2026-03-12,1016,2026031205033234,BHL,46,4,129,237.20,"30,598.80"
2026-03-12,1017,2026031205033233,BHL,46,4,256,237.40,"60,774.40"
2026-03-12,1018,2026031205033325,BHL,33,17,750,237.50,"178,125.00"
2026-03-12,1019,2026031205033316,BHL,33,66,50,237.50,"11,875.00"
2026-03-12,1020,2026031205033308,BHL,33,48,200,237.50,"47,500.00"
2026-03-12,1021,2026031205033303,BHL,33,57,100,237.50,"23,750.00"
2026-03-12,1022,2026031205033302,BHL,33,45,480,237.50,"114,000.00"
2026-03-12,1023,2026031205033301,BHL,33,13,100,237.50,"23,750.00"
2026-03-12,1024,2026031205033404,BHL,68,53,"1,000",237.80,"237,800.00"
2026-03-12,1025,2026031205033378,BHL,8,35,400,237.10,"94,840.00"
2026-03-12,1026,2026031205033377,BHL,57,35,200,237.10,"47,420.00"
2026-03-12,1027,2026031205033376,BHL,33,35,400,237.50,"95,000.00"
2026-03-12,1028,2026031205033350,BHL,33,38,140,237.50,"33,250.00"
2026-03-12,1029,2026031205033337,BHL,33,48,200,237.50,"47,500.00"
2026-03-12,1030,2026031205033446,BHL,17,88,500,237.00,"118,500.00"
2026-03-12,1031,2026031205033445,BHL,38,88,860,237.00,"203,820.00"
2026-03-12,1032,2026031205033444,BHL,8,88,600,237.10,"142,260.00"
2026-03-12,1033,2026031205033443,BHL,68,88,"1,900",237.80,"451,820.00"
2026-03-12,1034,2026031205033427,BHL,68,22,50,237.80,"11,890.00"
2026-03-12,1035,2026031205033412,BHL,68,13,50,237.80,"11,890.00"
2026-03-12,1036,2026031205033452,BHL,80,88,45,237.00,"10,665.00"
2026-03-12,1037,2026031205033451,BHL,42,88,50,237.00,"11,850.00"
2026-03-12,1038,2026031205033450,BHL,58,88,300,237.00,"71,100.00"
2026-03-12,1039,2026031205033449,BHL,13,88,200,237.00,"47,400.00"
2026-03-12,1040,2026031205033448,BHL,45,88,50,237.00,"11,850.00"
2026-03-12,1041,2026031205033447,BHL,58,88,300,237.00,"71,100.00"
2026-03-12,1042,2026031205033458,BHL,14,88,"4,000",236.90,"947,600.00"
2026-03-12,1043,2026031205033457,BHL,38,88,190,236.90,"45,011.00"
2026-03-12,1044,2026031205033456,BHL,32,88,165,236.90,"39,088.50"
2026-03-12,1045,2026031205033455,BHL,35,88,"1,650",237.00,"391,050.00"
2026-03-12,1046,2026031205033454,BHL,35,88,"2,000",237.00,"474,000.00"
2026-03-12,1047,2026031205033453,BHL,56,88,50,237.00,"11,850.00"
2026-03-12,1048,2026031205033464,BHL,47,88,30,236.50,"7,095.00"
2026-03-12,1049,2026031205033463,BHL,40,88,"1,000",236.50,"236,500.00"
2026-03-12,1050,2026031205033462,BHL,71,88,500,236.50,"118,250.00"
2026-03-12,1051,2026031205033461,BHL,7,88,200,236.50,"47,300.00"
2026-03-12,1052,2026031205033460,BHL,42,88,500,236.50,"118,250.00"
2026-03-12,1053,2026031205033459,BHL,11,88,300,236.90,"71,070.00"
2026-03-12,1054,2026031205033572,BHL,34,45,700,237.00,"165,900.00"
2026-03-12,1055,2026031205033571,BHL,33,45,"1,000",237.10,"237,100.00"
2026-03-12,1056,2026031205033517,BHL,34,57,300,237.00,"71,100.00"
2026-03-12,1057,2026031205033516,BHL,47,57,200,237.10,"47,420.00"
2026-03-12,1058,2026031205033466,BHL,60,88,"4,510",236.40,"1,066,164.00"
2026-03-12,1059,2026031205033465,BHL,46,88,100,236.40,"23,640.00"
2026-03-12,1060,2026031205033612,BHL,51,11,100,237.80,"23,780.00"
2026-03-12,1061,2026031205033611,BHL,51,74,51,237.50,"12,112.50"
2026-03-12,1062,2026031205033610,BHL,51,29,200,237.50,"47,500.00"
2026-03-12,1063,2026031205033581,BHL,51,48,100,237.50,"23,750.00"
2026-03-12,1064,2026031205033580,BHL,51,7,200,237.50,"47,500.00"
2026-03-12,1065,2026031205033573,BHL,58,45,300,237.00,"71,100.00"
2026-03-12,1066,2026031205033595,BHPL,49,42,164,581.00,"95,284.00"
2026-03-12,1067,2026031205033594,BHPL,4,42,36,581.00,"20,916.00"
2026-03-12,1068,2026031205033558,BHPL,4,45,300,581.00,"174,300.00"
2026-03-12,1069,2026031205033507,BHPL,4,45,164,581.00,"95,284.00"
2026-03-12,1070,2026031205033506,BHPL,45,45,200,581.00,"116,200.00"
2026-03-12,1071,2026031205033505,BHPL,11,45,15,582.00,"8,730.00"
2026-03-12,1072,2026031205033504,BHPL,26,45,56,582.00,"32,592.00"
2026-03-12,1073,2026031205033503,BHPL,43,45,65,582.20,"37,843.00"
2026-03-12,1074,2026031205033569,BNHC,28,45,200,369.10,"73,820.00"
2026-03-12,1075,2026031205033725,CHDC,99,65,37,"2,552.00","94,424.00"
2026-03-12,1076,2026031205033681,CHDC,99,52,150,"2,552.00","382,800.00"
2026-03-12,1077,2026031205033564,CHDC,99,38,13,"2,552.00","33,176.00"
2026-03-12,1078,2026031205033547,CHDC,7,39,100,"2,551.10","255,110.00"
2026-03-12,1079,2026031205033483,CHDC,7,39,349,"2,551.10","890,333.90"
2026-03-12,1080,2026031205033482,CHDC,7,39,35,"2,551.10","89,288.50"
2026-03-12,1081,2026031205033481,CHDC,38,39,100,"2,551.20","255,120.00"
2026-03-12,1082,2026031205033480,CHDC,52,39,16,"2,551.20","40,819.20"
2026-03-12,1083,2026031205033430,CHDC,32,38,87,"2,552.00","222,024.00"
2026-03-12,1084,2026031205033379,CHDC,32,100,100,"2,552.00","255,200.00"
2026-03-12,1085,2026031205033370,CHDC,32,41,13,"2,552.00","33,176.00"
2026-03-12,1086,2026031205033557,CIT,48,22,50,"1,844.00","92,200.00"
2026-03-12,1087,2026031205033702,CLI,34,35,200,485.10,"97,020.00"
2026-03-12,1088,2026031205033364,CLI,34,49,13,485.10,"6,306.30"
2026-03-12,1089,2026031205033263,CLI,34,43,168,485.10,"81,496.80"
2026-03-12,1090,2026031205033260,CLI,34,22,13,485.10,"6,306.30"
2026-03-12,1091,2026031205033373,CMF2,6,57,105,10.30,"1,081.50"
2026-03-12,1092,2026031205033687,DOLTI,35,33,10,522.00,"5,220.00"
2026-03-12,1093,2026031205033476,DOLTI,21,4,10,519.00,"5,190.00"
2026-03-12,1094,2026031205033686,DORDI,58,58,400,310.80,"124,320.00"
2026-03-12,1095,2026031205033656,DORDI,52,50,860,310.20,"266,772.00"
2026-03-12,1096,2026031205033655,DORDI,42,50,30,310.20,"9,306.00"
2026-03-12,1097,2026031205033654,DORDI,34,50,110,310.20,"34,122.00"
2026-03-12,1098,2026031205033628,DORDI,34,48,90,310.20,"27,918.00"
2026-03-12,1099,2026031205033627,DORDI,45,48,600,310.30,"186,180.00"
2026-03-12,1100,2026031205033626,DORDI,43,48,310,310.30,"96,193.00"
2026-03-12,1101,2026031205033559,DORDI,63,58,160,310.80,"49,728.00"
2026-03-12,1102,2026031205033542,DORDI,43,63,690,310.30,"214,107.00"
2026-03-12,1103,2026031205033410,DORDI,51,58,750,310.80,"233,100.00"
2026-03-12,1104,2026031205033409,DORDI,51,32,250,310.80,"77,700.00"
2026-03-12,1105,2026031205033705,EHPL,22,58,24,432.00,"10,368.00"
2026-03-12,1106,2026031205033470,EHPL,58,35,20,433.00,"8,660.00"
2026-03-12,1107,2026031205033269,EHPL,45,35,230,433.00,"99,590.00"
2026-03-12,1108,2026031205033268,EHPL,52,35,234,433.10,"101,345.40"
2026-03-12,1109,2026031205033282,ENL,57,67,20,950.10,"19,002.00"
2026-03-12,1110,2026031205033281,ENL,39,67,15,950.10,"14,251.50"
2026-03-12,1111,2026031205033477,GCIL,50,47,12,443.00,"5,316.00"
2026-03-12,1112,2026031205033561,GVL,53,29,62,514.90,"31,923.80"
2026-03-12,1113,2026031205033355,HATHY,45,49,50,948.00,"47,400.00"
2026-03-12,1114,2026031205033631,HDL,36,72,50,"1,200.00","60,000.00"
2026-03-12,1115,2026031205033616,HDL,22,72,31,"1,200.00","37,200.00"
2026-03-12,1116,2026031205033576,HDL,36,72,20,"1,200.00","24,000.00"
2026-03-12,1117,2026031205033575,HDL,42,72,10,"1,200.00","12,000.00"
2026-03-12,1118,2026031205033574,HDL,6,72,154,"1,200.00","184,800.00"
2026-03-12,1119,2026031205033479,HDL,6,59,46,"1,200.00","55,200.00"
2026-03-12,1120,2026031205033339,HDL,14,59,24,"1,200.00","28,800.00"
2026-03-12,1121,2026031205033338,HDL,22,59,30,"1,200.10","36,003.00"
2026-03-12,1122,2026031205033497,HDL,90,41,36,"1,202.00","43,272.00"
2026-03-12,1123,2026031205033496,HDL,90,49,10,"1,202.00","12,020.00"
2026-03-12,1124,2026031205033694,HHL,48,34,24,371.00,"8,904.00"
2026-03-12,1125,2026031205033693,HHL,48,44,18,371.00,"6,678.00"
2026-03-12,1126,2026031205033692,HHL,48,44,145,371.00,"53,795.00"
2026-03-12,1127,2026031205033691,HHL,48,58,37,371.00,"13,727.00"
2026-03-12,1128,2026031205033690,HHL,48,54,100,371.00,"37,100.00"
2026-03-12,1129,2026031205033689,HHL,48,45,124,371.00,"46,004.00"
2026-03-12,1130,2026031205033375,HHL,25,6,76,370.80,"28,180.80"
2026-03-12,1131,2026031205033336,HHL,52,6,424,370.80,"157,219.20"
2026-03-12,1132,2026031205033570,HIDCL,45,57,100,298.30,"29,830.00"
2026-03-12,1133,2026031205033567,HIDCL,50,71,10,298.50,"2,985.00"
2026-03-12,1134,2026031205033566,HIDCL,50,41,90,298.50,"26,865.00"
2026-03-12,1135,2026031205033369,HIDCL,21,41,10,298.50,"2,985.00"
2026-03-12,1136,2026031205033322,HIDCL,62,47,106,298.00,"31,588.00"
2026-03-12,1137,2026031205033321,HIDCL,21,47,694,298.10,"206,881.40"
2026-03-12,1138,2026031205033272,HIDCL,45,74,485,298.40,"144,724.00"
2026-03-12,1139,2026031205033271,HIDCL,45,40,490,298.30,"146,167.00"
2026-03-12,1140,2026031205033284,HIDCL,21,26,806,298.10,"240,268.60"
2026-03-12,1141,2026031205033277,HIDCL,45,58,190,298.80,"56,772.00"
2026-03-12,1142,2026031205033276,HIDCL,45,58,"1,430",298.50,"426,855.00"
2026-03-12,1143,2026031205033275,HIDCL,45,74,405,298.40,"120,852.00"
2026-03-12,1144,2026031205033274,HIDCL,45,74,595,298.40,"177,548.00"
2026-03-12,1145,2026031205033273,HIDCL,45,74,405,298.40,"120,852.00"
2026-03-12,1146,2026031205033625,HRL,62,11,10,889.90,"8,899.00"
2026-03-12,1147,2026031205033333,HRL,91,14,197,887.00,"174,739.00"
2026-03-12,1148,2026031205033332,HRL,57,14,15,887.00,"13,305.00"
2026-03-12,1149,2026031205033331,HRL,57,14,58,887.00,"51,446.00"
2026-03-12,1150,2026031205033280,HRL,32,34,34,889.00,"30,226.00"
2026-03-12,1151,2026031205033279,HRL,32,75,20,889.00,"17,780.00"
2026-03-12,1152,2026031205033431,HRL,14,6,100,886.60,"88,660.00"
2026-03-12,1153,2026031205033358,HRL,42,11,77,889.90,"68,522.30"
2026-03-12,1154,2026031205033357,HRL,42,57,48,889.00,"42,672.00"
2026-03-12,1155,2026031205033356,HRL,42,32,100,889.00,"88,900.00"
2026-03-12,1156,2026031205033469,IHL,51,74,100,538.00,"53,800.00"
2026-03-12,1157,2026031205033374,IHL,26,38,10,535.00,"5,350.00"
2026-03-12,1158,2026031205033367,IHL,26,3,27,535.00,"14,445.00"
2026-03-12,1159,2026031205033366,IHL,42,3,77,535.00,"41,195.00"
2026-03-12,1160,2026031205033365,IHL,34,3,150,535.10,"80,265.00"
2026-03-12,1161,2026031205033485,ILI,85,19,20,461.00,"9,220.00"
2026-03-12,1162,2026031205033330,ILI,85,85,100,461.00,"46,100.00"
2026-03-12,1163,2026031205033286,ILI,21,58,2,455.00,910.00
2026-03-12,1164,2026031205033262,ILI,85,18,130,461.00,"59,930.00"
2026-03-12,1165,2026031205033484,KBSH,58,48,12,"1,700.00","20,400.00"
2026-03-12,1166,2026031205033334,MAKAR,56,90,10,565.00,"5,650.00"
2026-03-12,1167,2026031205033653,MBJC,39,34,85,310.00,"26,350.00"
2026-03-12,1168,2026031205033652,MBJC,97,34,50,310.00,"15,500.00"
2026-03-12,1169,2026031205033651,MBJC,42,34,200,310.00,"62,000.00"
2026-03-12,1170,2026031205033650,MBJC,49,34,200,310.00,"62,000.00"
2026-03-12,1171,2026031205033649,MBJC,44,34,250,310.00,"77,500.00"
2026-03-12,1172,2026031205033648,MBJC,44,34,190,310.00,"58,900.00"
2026-03-12,1173,2026031205033232,MBJC,38,49,50,310.90,"15,545.00"
2026-03-12,1174,2026031205033231,MBJC,38,49,50,310.90,"15,545.00"
2026-03-12,1175,2026031205033230,MBJC,46,49,100,310.90,"31,090.00"
2026-03-12,1176,2026031205033647,MBJC,38,34,25,310.10,"7,752.50"
2026-03-12,1177,2026031205033630,MBJC,38,40,25,310.10,"7,752.50"
2026-03-12,1178,2026031205033426,MBJC,47,40,300,310.10,"93,030.00"
2026-03-12,1179,2026031205033425,MBJC,39,40,500,310.10,"155,050.00"
2026-03-12,1180,2026031205033424,MBJC,76,40,120,310.20,"37,224.00"
2026-03-12,1181,2026031205033283,MBJC,76,62,80,310.20,"24,816.00"
2026-03-12,1182,2026031205033679,MCHL,7,39,100,421.00,"42,100.00"
2026-03-12,1183,2026031205033716,MEHL,58,43,200,478.20,"95,640.00"
2026-03-12,1184,2026031205033715,MEHL,58,34,10,478.00,"4,780.00"
2026-03-12,1185,2026031205033714,MEHL,58,41,120,477.30,"57,276.00"
2026-03-12,1186,2026031205033713,MEHL,58,55,10,477.20,"4,772.00"
2026-03-12,1187,2026031205033712,MEHL,58,8,200,477.00,"95,400.00"
2026-03-12,1188,2026031205033711,MEHL,58,57,10,477.00,"4,770.00"
2026-03-12,1189,2026031205033429,MEHL,94,38,100,475.80,"47,580.00"
2026-03-12,1190,2026031205033710,MEHL,58,29,10,477.00,"4,770.00"
2026-03-12,1191,2026031205033709,MEHL,58,19,50,477.00,"23,850.00"
2026-03-12,1192,2026031205033708,MEHL,58,39,100,476.00,"47,600.00"
2026-03-12,1193,2026031205033707,MEHL,58,58,10,476.00,"4,760.00"
2026-03-12,1194,2026031205033706,MEHL,58,38,280,475.80,"133,224.00"
2026-03-12,1195,2026031205033526,MEHL,21,6,10,475.10,"4,751.00"
2026-03-12,1196,2026031205033608,MEL,13,74,36,300.00,"10,800.00"
2026-03-12,1197,2026031205033607,MEL,42,74,"1,000",300.00,"300,000.00"
2026-03-12,1198,2026031205033606,MEL,35,74,484,300.00,"145,200.00"
2026-03-12,1199,2026031205033605,MEL,38,74,180,300.00,"54,000.00"
2026-03-12,1200,2026031205033590,MEL,38,38,10,300.00,"3,000.00"
2026-03-12,1201,2026031205033502,MEL,38,48,500,300.00,"150,000.00"
2026-03-12,1202,2026031205033501,MEL,40,48,500,300.10,"150,050.00"
2026-03-12,1203,2026031205033423,MHCL,66,56,90,383.00,"34,470.00"
2026-03-12,1204,2026031205033422,MHCL,16,56,"1,000",383.00,"383,000.00"
2026-03-12,1205,2026031205033421,MHCL,29,56,100,383.10,"38,310.00"
2026-03-12,1206,2026031205033420,MHCL,43,56,100,383.20,"38,320.00"
2026-03-12,1207,2026031205033419,MHCL,7,56,150,383.30,"57,495.00"
2026-03-12,1208,2026031205033418,MHCL,42,56,50,383.30,"19,165.00"
2026-03-12,1209,2026031205033417,MHCL,91,56,185,385.00,"71,225.00"
2026-03-12,1210,2026031205033416,MHCL,4,56,65,385.00,"25,025.00"
2026-03-12,1211,2026031205033415,MHCL,18,56,100,386.00,"38,600.00"
2026-03-12,1212,2026031205033408,MHL,51,6,400,547.00,"218,800.00"
2026-03-12,1213,2026031205033407,MHL,10,6,100,547.00,"54,700.00"
2026-03-12,1214,2026031205033406,MHL,49,6,16,547.00,"8,752.00"
2026-03-12,1215,2026031205033319,MHL,10,59,200,548.00,"109,600.00"
2026-03-12,1216,2026031205033646,MKHC,33,28,99,353.00,"34,947.00"
2026-03-12,1217,2026031205033638,MKHC,45,28,100,353.00,"35,300.00"
2026-03-12,1218,2026031205033593,MKHC,48,28,100,353.00,"35,300.00"
2026-03-12,1219,2026031205033546,MKHC,33,28,500,353.00,"176,500.00"
2026-03-12,1220,2026031205033414,MKHC,57,28,201,353.10,"70,973.10"
2026-03-12,1221,2026031205033228,MKHC,57,25,125,353.00,"44,125.00"
2026-03-12,1222,2026031205033634,MKJC,74,77,10,540.00,"5,400.00"
2026-03-12,1223,2026031205033589,MKJC,57,29,785,545.00,"427,825.00"
2026-03-12,1224,2026031205033588,MKJC,57,84,205,545.00,"111,725.00"
2026-03-12,1225,2026031205033587,MKJC,57,45,10,544.00,"5,440.00"
2026-03-12,1226,2026031205033553,MKJC,74,77,13,540.00,"7,020.00"
2026-03-12,1227,2026031205033510,MKJC,57,48,205,544.80,"111,684.00"
2026-03-12,1228,2026031205033354,MKJC,57,48,600,544.80,"326,880.00"
2026-03-12,1229,2026031205033353,MKJC,57,48,290,544.80,"157,992.00"
2026-03-12,1230,2026031205033352,MKJC,57,11,110,544.00,"59,840.00"
2026-03-12,1231,2026031205033266,MKJC,62,35,30,542.00,"16,260.00"
2026-03-12,1232,2026031205033552,MKJC,65,77,100,540.10,"54,010.00"
2026-03-12,1233,2026031205033551,MKJC,28,77,10,540.50,"5,405.00"
2026-03-12,1234,2026031205033550,MKJC,42,77,100,542.00,"54,200.00"
2026-03-12,1235,2026031205033549,MKJC,62,77,97,542.00,"52,574.00"
2026-03-12,1236,2026031205033548,MKJC,62,77,170,542.00,"92,140.00"
2026-03-12,1237,2026031205033511,MKJC,57,84,795,545.00,"433,275.00"
2026-03-12,1238,2026031205033539,MMKJL,32,48,10,581.70,"5,817.00"
2026-03-12,1239,2026031205033359,MMKJL,44,1,250,581.00,"145,250.00"
2026-03-12,1240,2026031205033678,NIFRA,41,58,74,285.00,"21,090.00"
2026-03-12,1241,2026031205033675,NIFRA,34,58,200,285.00,"57,000.00"
2026-03-12,1242,2026031205033674,NIFRA,55,58,26,285.00,"7,410.00"
2026-03-12,1243,2026031205033673,NIFRA,25,58,10,285.00,"2,850.00"
2026-03-12,1244,2026031205033657,NIFRA,6,45,64,285.00,"18,240.00"
2026-03-12,1245,2026031205033635,NIFRA,6,90,10,285.00,"2,850.00"
2026-03-12,1246,2026031205033247,NIFRA,35,53,64,285.00,"18,240.00"
2026-03-12,1247,2026031205033246,NIFRA,22,53,40,285.00,"11,400.00"
2026-03-12,1248,2026031205033245,NIFRA,52,53,90,285.00,"25,650.00"
2026-03-12,1249,2026031205033324,NIFRA,59,60,14,285.00,"3,990.00"
2026-03-12,1250,2026031205033323,NIFRA,35,60,386,285.00,"110,010.00"
2026-03-12,1251,2026031205033294,NIFRA,58,58,80,285.20,"22,816.00"
2026-03-12,1252,2026031205033293,NIFRA,45,58,10,285.20,"2,852.00"
2026-03-12,1253,2026031205033278,NIFRA,1,57,300,285.40,"85,620.00"
2026-03-12,1254,2026031205033259,NIFRA,45,19,90,285.20,"25,668.00"
2026-03-12,1255,2026031205033437,NIFRA,58,29,100,285.00,"28,500.00"
2026-03-12,1256,2026031205033436,NIFRA,58,29,200,285.00,"57,000.00"
2026-03-12,1257,2026031205033435,NIFRA,45,29,320,285.00,"91,200.00"
2026-03-12,1258,2026031205033434,NIFRA,77,29,100,285.00,"28,500.00"
2026-03-12,1259,2026031205033433,NIFRA,42,29,680,285.00,"193,800.00"
2026-03-12,1260,2026031205033432,NIFRA,59,29,36,285.00,"10,260.00"
2026-03-12,1261,2026031205033518,NIFRA,33,58,450,285.20,"128,340.00"
2026-03-12,1262,2026031205033478,NIFRA,33,49,50,285.10,"14,255.00"
2026-03-12,1263,2026031205033441,NIFRA,6,60,500,285.00,"142,500.00"
2026-03-12,1264,2026031205033440,NIFRA,6,29,324,285.00,"92,340.00"
2026-03-12,1265,2026031205033439,NIFRA,58,29,10,285.00,"2,850.00"
2026-03-12,1266,2026031205033438,NIFRA,48,29,10,285.00,"2,850.00"
2026-03-12,1267,2026031205033633,NIFRA,49,34,15,285.60,"4,284.00"
2026-03-12,1268,2026031205033632,NIFRA,49,45,10,285.60,"2,856.00"
2026-03-12,1269,2026031205033579,NIFRA,6,62,102,285.00,"29,070.00"
2026-03-12,1270,2026031205033578,NIFRA,48,62,150,285.10,"42,765.00"
2026-03-12,1271,2026031205033577,NIFRA,52,62,250,285.40,"71,350.00"
2026-03-12,1272,2026031205033540,NIFRA,52,57,250,285.40,"71,350.00"
2026-03-12,1273,2026031205033719,NRIC,62,36,10,"1,256.00","12,560.00"
2026-03-12,1274,2026031205033623,NRIC,49,56,210,"1,253.00","263,130.00"
2026-03-12,1275,2026031205033240,NRIC,74,75,38,"1,255.20","47,697.60"
2026-03-12,1276,2026031205033239,NRIC,14,75,100,"1,256.00","125,600.00"
2026-03-12,1277,2026031205033238,NRIC,58,75,100,"1,256.00","125,600.00"
2026-03-12,1278,2026031205033237,NRIC,50,75,17,"1,256.00","21,352.00"
2026-03-12,1279,2026031205033236,NRIC,17,75,75,"1,257.00","94,275.00"
2026-03-12,1280,2026031205033391,NRIC,57,98,200,"1,256.10","251,220.00"
2026-03-12,1281,2026031205033371,NRIC,33,56,50,"1,257.90","62,895.00"
2026-03-12,1282,2026031205033360,NRIC,62,56,10,"1,257.90","12,579.00"
2026-03-12,1283,2026031205033243,NRIC,10,75,620,"1,255.00","778,100.00"
2026-03-12,1284,2026031205033242,NRIC,45,75,500,"1,255.10","627,550.00"
2026-03-12,1285,2026031205033241,NRIC,6,75,50,"1,255.20","62,760.00"
2026-03-12,1286,2026031205033397,NRIC,45,98,100,"1,255.00","125,500.00"
2026-03-12,1287,2026031205033396,NRIC,4,98,120,"1,255.00","150,600.00"
2026-03-12,1288,2026031205033395,NRIC,53,98,50,"1,255.00","62,750.00"
2026-03-12,1289,2026031205033394,NRIC,16,98,30,"1,255.00","37,650.00"
2026-03-12,1290,2026031205033393,NRIC,7,98,75,"1,255.00","94,125.00"
2026-03-12,1291,2026031205033392,NRIC,10,98,14,"1,255.00","17,570.00"
2026-03-12,1292,2026031205033403,NRIC,45,98,91,"1,255.00","114,205.00"
2026-03-12,1293,2026031205033402,NRIC,43,98,50,"1,255.00","62,750.00"
2026-03-12,1294,2026031205033401,NRIC,44,98,30,"1,255.00","37,650.00"
2026-03-12,1295,2026031205033400,NRIC,34,98,100,"1,255.00","125,500.00"
2026-03-12,1296,2026031205033399,NRIC,26,98,50,"1,255.00","62,750.00"
2026-03-12,1297,2026031205033398,NRIC,57,98,200,"1,255.00","251,000.00"
2026-03-12,1298,2026031205033545,NRIC,49,75,591,"1,253.00","740,523.00"
2026-03-12,1299,2026031205033544,NRIC,21,75,200,"1,253.10","250,620.00"
2026-03-12,1300,2026031205033543,NRIC,45,75,209,"1,255.00","262,295.00"
2026-03-12,1301,2026031205033471,NRIC,62,56,10,"1,257.90","12,579.00"
2026-03-12,1302,2026031205033560,NRN,22,32,50,"1,528.00","76,400.00"
2026-03-12,1303,2026031205033428,NRN,48,41,50,"1,527.00","76,350.00"
2026-03-12,1304,2026031205033296,NRN,48,39,59,"1,527.00","90,093.00"
2026-03-12,1305,2026031205033509,NRN,48,32,52,"1,528.00","79,456.00"
2026-03-12,1306,2026031205033492,NRN,67,32,80,"1,528.00","122,240.00"
2026-03-12,1307,2026031205033491,NRN,67,44,10,"1,528.00","15,280.00"
2026-03-12,1308,2026031205033490,NRN,67,39,10,"1,528.00","15,280.00"
2026-03-12,1309,2026031205033494,NSIF2,57,53,"6,500",10.84,"70,460.00"
2026-03-12,1310,2026031205033609,NTC,57,49,10,886.60,"8,866.00"
2026-03-12,1311,2026031205033508,NTC,42,49,50,886.60,"44,330.00"
2026-03-12,1312,2026031205033362,NTC,18,36,230,886.50,"203,895.00"
2026-03-12,1313,2026031205033361,NTC,42,36,110,886.60,"97,526.00"
2026-03-12,1314,2026031205033295,NTC,32,17,10,887.00,"8,870.00"
2026-03-12,1315,2026031205033261,NTC,7,17,150,887.00,"133,050.00"
2026-03-12,1316,2026031205033670,PHCL,48,59,83,320.00,"26,560.00"
2026-03-12,1317,2026031205033669,PHCL,48,58,60,320.00,"19,200.00"
2026-03-12,1318,2026031205033668,PHCL,48,34,70,320.00,"22,400.00"
2026-03-12,1319,2026031205033667,PHCL,48,38,340,320.00,"108,800.00"
2026-03-12,1320,2026031205033666,PHCL,48,10,20,320.00,"6,400.00"
2026-03-12,1321,2026031205033665,PHCL,48,57,10,320.00,"3,200.00"
2026-03-12,1322,2026031205033254,PHCL,42,32,100,319.00,"31,900.00"
2026-03-12,1323,2026031205033253,PHCL,68,32,199,319.00,"63,481.00"
2026-03-12,1324,2026031205033252,PHCL,41,32,"2,000",319.10,"638,200.00"
2026-03-12,1325,2026031205033251,PHCL,1,32,20,319.10,"6,382.00"
2026-03-12,1326,2026031205033250,PHCL,74,32,300,319.10,"95,730.00"
2026-03-12,1327,2026031205033249,PHCL,48,32,90,319.20,"28,728.00"
2026-03-12,1328,2026031205033442,PHCL,17,62,21,319.00,"6,699.00"
2026-03-12,1329,2026031205033411,PHCL,49,42,30,319.30,"9,579.00"
2026-03-12,1330,2026031205033258,PHCL,17,32,11,319.00,"3,509.00"
2026-03-12,1331,2026031205033257,PHCL,42,32,500,319.00,"159,500.00"
2026-03-12,1332,2026031205033256,PHCL,58,32,125,319.00,"39,875.00"
2026-03-12,1333,2026031205033255,PHCL,43,32,155,319.00,"49,445.00"
2026-03-12,1334,2026031205033658,PHCL,48,42,100,319.10,"31,910.00"
2026-03-12,1335,2026031205033643,PHCL,55,42,100,319.10,"31,910.00"
2026-03-12,1336,2026031205033637,PHCL,57,95,126,319.00,"40,194.00"
2026-03-12,1337,2026031205033636,PHCL,14,95,"1,000",319.00,"319,000.00"
2026-03-12,1338,2026031205033586,PHCL,43,42,120,319.10,"38,292.00"
2026-03-12,1339,2026031205033512,PHCL,17,14,13,319.00,"4,147.00"
2026-03-12,1340,2026031205033664,PHCL,48,25,100,320.00,"32,000.00"
2026-03-12,1341,2026031205033663,PHCL,48,56,10,320.00,"3,200.00"
2026-03-12,1342,2026031205033662,PHCL,48,38,60,320.00,"19,200.00"
2026-03-12,1343,2026031205033661,PHCL,48,58,500,320.00,"160,000.00"
2026-03-12,1344,2026031205033660,PHCL,48,74,397,320.00,"127,040.00"
2026-03-12,1345,2026031205033659,PHCL,48,52,250,319.50,"79,875.00"
2026-03-12,1346,2026031205033700,PPL,22,34,60,405.00,"24,300.00"
2026-03-12,1347,2026031205033699,PPL,22,42,30,405.00,"12,150.00"
2026-03-12,1348,2026031205033685,PPL,22,47,160,404.50,"64,720.00"
2026-03-12,1349,2026031205033684,PPL,64,47,100,404.60,"40,460.00"
2026-03-12,1350,2026031205033683,PPL,64,47,190,404.60,"76,874.00"
2026-03-12,1351,2026031205033682,PPL,81,47,50,404.70,"20,235.00"
2026-03-12,1352,2026031205033340,PPL,65,6,300,404.90,"121,470.00"
2026-03-12,1353,2026031205033270,PPL,34,6,200,404.90,"80,980.00"
2026-03-12,1354,2026031205033644,PPL,38,42,100,405.00,"40,500.00"
2026-03-12,1355,2026031205033629,PPL,35,42,300,405.00,"121,500.00"
2026-03-12,1356,2026031205033413,PPL,1,42,200,405.00,"81,000.00"
2026-03-12,1357,2026031205033343,PPL,65,42,870,405.00,"352,350.00"
2026-03-12,1358,2026031205033342,PPL,65,29,100,405.00,"40,500.00"
2026-03-12,1359,2026031205033341,PPL,65,74,690,405.00,"279,450.00"
2026-03-12,1360,2026031205033722,RFPL,22,37,68,412.80,"28,070.40"
2026-03-12,1361,2026031205033718,RFPL,28,41,50,412.20,"20,610.00"
2026-03-12,1362,2026031205033680,RFPL,28,44,400,412.20,"164,880.00"
2026-03-12,1363,2026031205033495,RFPL,58,45,50,412.10,"20,605.00"
2026-03-12,1364,2026031205033264,RFPL,32,37,208,412.80,"85,862.40"
2026-03-12,1365,2026031205033672,RHGCL,74,95,"1,000",303.00,"303,000.00"
2026-03-12,1366,2026031205033671,RHGCL,74,39,"1,000",302.90,"302,900.00"
2026-03-12,1367,2026031205033309,RHGCL,38,48,24,302.10,"7,250.40"
2026-03-12,1368,2026031205033265,RHGCL,51,48,476,302.10,"143,799.60"
2026-03-12,1369,2026031205033472,RNLI,38,13,1,488.10,488.10
2026-03-12,1370,2026031205033306,RNLI,34,59,86,495.00,"42,570.00"
2026-03-12,1371,2026031205033305,RNLI,34,21,12,495.00,"5,940.00"
2026-03-12,1372,2026031205033304,RNLI,34,19,12,495.00,"5,940.00"
2026-03-12,1373,2026031205033624,SAHAS,56,18,100,617.00,"61,700.00"
2026-03-12,1374,2026031205033513,SAHAS,32,29,100,618.00,"61,800.00"
2026-03-12,1375,2026031205033405,SAHAS,36,51,10,617.00,"6,170.00"
2026-03-12,1376,2026031205033335,SANVI,58,32,37,835.00,"30,895.00"
2026-03-12,1377,2026031205033528,SBCF,45,13,"7,000",9.89,"69,230.00"
2026-03-12,1378,2026031205033297,SBCF,45,13,"10,000",9.89,"98,900.00"
2026-03-12,1379,2026031205033604,SGHC,14,37,40,415.00,"16,600.00"
2026-03-12,1380,2026031205033603,SGHC,38,37,30,415.00,"12,450.00"
2026-03-12,1381,2026031205033602,SGHC,26,37,50,415.00,"20,750.00"
2026-03-12,1382,2026031205033601,SGHC,17,37,50,415.00,"20,750.00"
2026-03-12,1383,2026031205033600,SGHC,57,37,100,415.00,"41,500.00"
2026-03-12,1384,2026031205033599,SGHC,25,37,100,415.00,"41,500.00"
2026-03-12,1385,2026031205033598,SGHC,42,37,50,415.10,"20,755.00"
2026-03-12,1386,2026031205033597,SGHC,62,37,300,415.30,"124,590.00"
2026-03-12,1387,2026031205033596,SGHC,42,37,190,415.30,"78,907.00"
2026-03-12,1388,2026031205033498,SGHC,42,22,10,415.30,"4,153.00"
2026-03-12,1389,2026031205033493,SGHC,42,38,380,415.50,"157,890.00"
2026-03-12,1390,2026031205033486,SGHC,45,38,170,415.50,"70,635.00"
2026-03-12,1391,2026031205033721,SHIVM,45,36,32,657.00,"21,024.00"
2026-03-12,1392,2026031205033720,SHIVM,34,36,300,657.10,"197,130.00"
2026-03-12,1393,2026031205033698,SHIVM,45,42,68,657.00,"44,676.00"
2026-03-12,1394,2026031205033696,SHIVM,43,42,220,657.00,"144,540.00"
2026-03-12,1395,2026031205033695,SHIVM,48,42,38,657.00,"24,966.00"
2026-03-12,1396,2026031205033591,SHIVM,48,22,12,657.00,"7,884.00"
2026-03-12,1397,2026031205033244,SHIVM,41,48,188,657.50,"123,610.00"
2026-03-12,1398,2026031205033348,SHIVM,44,64,566,656.70,"371,692.20"
2026-03-12,1399,2026031205033347,SHIVM,44,8,434,656.70,"285,007.80"
2026-03-12,1400,2026031205033346,SHIVM,49,8,222,657.00,"145,854.00"
2026-03-12,1401,2026031205033345,SHIVM,13,8,50,657.00,"32,850.00"
2026-03-12,1402,2026031205033344,SHIVM,41,8,294,657.50,"193,305.00"
2026-03-12,1403,2026031205033285,SHIVM,41,36,18,657.50,"11,835.00"
2026-03-12,1404,2026031205033529,SHIVM,58,55,50,658.00,"32,900.00"
2026-03-12,1405,2026031205033467,SHIVM,13,55,105,658.00,"69,090.00"
2026-03-12,1406,2026031205033372,SHIVM,29,64,684,656.70,"449,182.80"
2026-03-12,1407,2026031205033368,SHIVM,36,64,100,656.70,"65,670.00"
2026-03-12,1408,2026031205033363,SHIVM,33,64,500,656.70,"328,350.00"
2026-03-12,1409,2026031205033349,SHIVM,58,64,150,656.70,"98,505.00"
2026-03-12,1410,2026031205033677,SIKLES,42,4,20,670.10,"13,402.00"
2026-03-12,1411,2026031205033676,SIKLES,42,4,60,670.10,"40,206.00"
2026-03-12,1412,2026031205033390,SIKLES,48,4,134,679.00,"90,986.00"
2026-03-12,1413,2026031205033389,SIKLES,48,36,"1,000",678.00,"678,000.00"
2026-03-12,1414,2026031205033388,SIKLES,48,51,10,678.00,"6,780.00"
2026-03-12,1415,2026031205033387,SIKLES,48,49,500,678.00,"339,000.00"
2026-03-12,1416,2026031205033380,SIKLES,48,48,100,677.00,"67,700.00"
2026-03-12,1417,2026031205033386,SIKLES,48,42,50,678.00,"33,900.00"
2026-03-12,1418,2026031205033385,SIKLES,48,34,200,677.90,"135,580.00"
2026-03-12,1419,2026031205033384,SIKLES,48,25,100,677.80,"67,780.00"
2026-03-12,1420,2026031205033383,SIKLES,48,33,400,677.80,"271,120.00"
2026-03-12,1421,2026031205033382,SIKLES,48,4,300,677.00,"203,100.00"
2026-03-12,1422,2026031205033381,SIKLES,48,55,100,677.00,"67,700.00"
2026-03-12,1423,2026031205033468,SMATA,54,34,18,818.00,"14,724.00"
2026-03-12,1424,2026031205033525,SMHL,37,14,40,525.00,"21,000.00"
2026-03-12,1425,2026031205033524,SMHL,26,14,200,525.00,"105,000.00"
2026-03-12,1426,2026031205033523,SMHL,26,14,30,525.00,"15,750.00"
2026-03-12,1427,2026031205033522,SMHL,38,14,500,525.10,"262,550.00"
2026-03-12,1428,2026031205033521,SMHL,40,14,20,525.10,"10,502.00"
2026-03-12,1429,2026031205033520,SMHL,101,14,200,525.50,"105,100.00"
2026-03-12,1430,2026031205033519,SMHL,42,14,10,527.00,"5,270.00"
2026-03-12,1431,2026031205033489,SMHL,52,3,10,529.00,"5,290.00"
2026-03-12,1432,2026031205033488,SMHL,52,44,10,528.90,"5,289.00"
2026-03-12,1433,2026031205033487,SMHL,52,44,10,527.90,"5,279.00"
2026-03-12,1434,2026031205033267,SMHL,45,19,10,527.00,"5,270.00"
2026-03-12,1435,2026031205033565,SMJC,40,46,333,490.00,"163,170.00"
2026-03-12,1436,2026031205033307,SMJC,40,22,10,490.00,"4,900.00"
2026-03-12,1437,2026031205033642,SONA,66,35,99,453.00,"44,847.00"
2026-03-12,1438,2026031205033641,SONA,51,35,24,453.00,"10,872.00"
2026-03-12,1439,2026031205033640,SONA,49,35,53,453.00,"24,009.00"
2026-03-12,1440,2026031205033639,SONA,38,35,70,453.10,"31,717.00"
2026-03-12,1441,2026031205033556,SONA,38,41,30,453.10,"13,593.00"
2026-03-12,1442,2026031205033568,SPC,13,38,9,505.00,"4,545.00"
2026-03-12,1443,2026031205033248,SPC,67,43,11,514.90,"5,663.90"
2026-03-12,1444,2026031205033704,SPHL,64,5,30,566.60,"16,998.00"
2026-03-12,1445,2026031205033703,SPHL,22,5,120,571.00,"68,520.00"
2026-03-12,1446,2026031205033563,SPHL,22,25,130,571.00,"74,230.00"
2026-03-12,1447,2026031205033562,SPHL,22,26,50,571.00,"28,550.00"
2026-03-12,1448,2026031205033585,TAMOR,60,6,20,432.00,"8,640.00"
2026-03-12,1449,2026031205033584,TAMOR,60,46,60,431.90,"25,914.00"
2026-03-12,1450,2026031205033541,TAMOR,51,35,108,431.60,"46,612.80"
2026-03-12,1451,2026031205033701,TPC,48,48,10,422.90,"4,229.00"
2026-03-12,1452,2026031205033697,TPC,57,50,50,423.90,"21,195.00"
2026-03-12,1453,2026031205033538,TPC,42,50,294,423.90,"124,626.60"
2026-03-12,1454,2026031205033537,TPC,42,7,500,423.90,"211,950.00"
2026-03-12,1455,2026031205033536,TPC,42,7,200,423.90,"84,780.00"
2026-03-12,1456,2026031205033535,TPC,42,57,60,423.90,"25,434.00"
2026-03-12,1457,2026031205033292,TPC,42,34,"3,020",423.00,"1,277,460.00"
2026-03-12,1458,2026031205033291,TPC,42,32,630,423.00,"266,490.00"
2026-03-12,1459,2026031205033290,TPC,42,42,300,422.90,"126,870.00"
2026-03-12,1460,2026031205033289,TPC,42,7,50,422.90,"21,145.00"
2026-03-12,1461,2026031205033288,TPC,42,47,300,421.00,"126,300.00"
2026-03-12,1462,2026031205033287,TPC,74,47,100,421.10,"42,110.00"
2026-03-12,1463,2026031205033329,TPC,42,45,"1,000",421.00,"421,000.00"
2026-03-12,1464,2026031205033328,TPC,42,50,250,421.00,"105,250.00"
2026-03-12,1465,2026031205033327,TPC,33,50,10,422.00,"4,220.00"
2026-03-12,1466,2026031205033326,TPC,42,50,740,423.00,"313,020.00"
2026-03-12,1467,2026031205033318,TPC,42,49,180,423.00,"76,140.00"
2026-03-12,1468,2026031205033317,TPC,42,34,230,423.00,"97,290.00"
2026-03-12,1469,2026031205033514,TPC,53,57,500,421.10,"210,550.00"
2026-03-12,1470,2026031205033534,TPC,42,47,430,423.80,"182,234.00"
2026-03-12,1471,2026031205033533,TPC,42,40,500,423.50,"211,750.00"
2026-03-12,1472,2026031205033532,TPC,42,11,200,423.50,"84,700.00"
2026-03-12,1473,2026031205033531,TPC,42,55,216,423.00,"91,368.00"
2026-03-12,1474,2026031205033530,TPC,42,57,100,421.00,"42,100.00"
2026-03-12,1475,2026031205033515,TPC,45,57,100,421.00,"42,100.00"
2026-03-12,1476,2026031205033717,TSHL,45,45,34,814.10,"27,679.40"
2026-03-12,1477,2026031205033500,TSHL,41,57,160,814.50,"130,320.00"
2026-03-12,1478,2026031205033555,TVCL,101,4,184,620.00,"114,080.00"
2026-03-12,1479,2026031205033554,TVCL,101,4,416,620.00,"257,920.00"
2026-03-12,1480,2026031205033315,TVCL,101,101,84,620.00,"52,080.00"
2026-03-12,1481,2026031205033314,TVCL,81,101,200,620.10,"124,020.00"
2026-03-12,1482,2026031205033313,TVCL,74,101,"1,000",620.10,"620,100.00"
2026-03-12,1483,2026031205033312,TVCL,74,101,"1,000",621.20,"621,200.00"
2026-03-12,1484,2026031205033311,TVCL,44,101,"2,666",622.00,"1,658,252.00"
2026-03-12,1485,2026031205033310,TVCL,49,101,50,622.10,"31,105.00"
2026-03-12,1486,2026031205033499,UHEWA,45,49,10,585.00,"5,850.00"
2026-03-12,1487,2026031205033527,ULHC,58,6,500,550.00,"275,000.00"
2026-03-12,1488,2026031205033475,ULHC,58,59,64,550.00,"35,200.00"
2026-03-12,1489,2026031205033474,ULHC,57,59,100,550.10,"55,010.00"
2026-03-12,1490,2026031205033473,ULHC,50,59,36,550.10,"19,803.60"
2026-03-12,1491,2026031205033227,ULHC,50,52,190,550.10,"104,519.00"
2026-03-12,1492,2026031205033622,USHEC,45,62,495,499.00,"247,005.00"
2026-03-12,1493,2026031205033621,USHEC,45,34,180,498.90,"89,802.00"
2026-03-12,1494,2026031205033620,USHEC,45,64,285,498.00,"141,930.00"
2026-03-12,1495,2026031205033619,USHEC,45,42,10,498.00,"4,980.00"
2026-03-12,1496,2026031205033618,USHEC,45,25,10,498.00,"4,980.00"
2026-03-12,1497,2026031205033617,USHEC,45,32,20,497.90,"9,958.00"
2026-03-12,1498,2026031205033583,VLUCL,67,33,90,584.50,"52,605.00"
2026-03-12,1499,2026031205033582,VLUCL,38,33,10,584.60,"5,846.00"
2026-03-12,1500,2026031205033351,VLUCL,32,32,11,585.00,"6,435.00"
2026-03-12,1501,2026031205033185,AHL,43,42,50,543.00,"27,150.00"
2026-03-12,1502,2026031205033145,AHL,62,58,20,542.00,"10,840.00"
2026-03-12,1503,2026031205033144,AHL,38,58,80,542.00,"43,360.00"
2026-03-12,1504,2026031205032970,AHL,38,21,10,542.00,"5,420.00"
2026-03-12,1505,2026031205033171,BEDC,34,4,10,527.60,"5,276.00"
