date,sn,contract_no,stock_symbol,buyer,seller,quantity,rate,amount
2026-02-23,1,2026022305015436,AHL,55,19,28,509.90,"14,277.20"
2026-02-23,2,2026022305015435,AHL,55,49,110,509.90,"56,089.00"
2026-02-23,3,2026022305015588,BBC,39,58,10,"4,600.00","46,000.00"
2026-02-23,4,2026022305015361,BBC,54,58,10,"4,600.00","46,000.00"
2026-02-23,5,2026022305015600,BEDC,55,26,10,514.90,"5,149.00"
2026-02-23,6,2026022305015599,BEDC,55,14,120,512.00,"61,440.00"
2026-02-23,7,2026022305015534,BEDC,59,55,207,511.10,"105,797.70"
2026-02-23,8,2026022305015473,BEDC,34,14,20,512.00,"10,240.00"
2026-02-23,9,2026022305015650,BGWT,88,22,200,743.50,"148,700.00"
2026-02-23,10,2026022305015577,BGWT,48,40,10,744.00,"7,440.00"
2026-02-23,11,2026022305015643,BHDC,39,45,241,466.20,"112,354.20"
2026-02-23,12,2026022305015642,BHDC,22,45,57,466.20,"26,573.40"
2026-02-23,13,2026022305015641,BHDC,7,45,32,466.30,"14,921.60"
2026-02-23,14,2026022305015628,BHDC,7,57,68,466.30,"31,708.40"
2026-02-23,15,2026022305015627,BHDC,34,57,72,466.40,"33,580.80"
2026-02-23,16,2026022305015626,BHDC,58,57,160,466.50,"74,640.00"
2026-02-23,17,2026022305015719,BHL,4,45,"1,000",195.00,"195,000.00"
2026-02-23,18,2026022305015695,BHL,4,38,"1,000",195.00,"195,000.00"
2026-02-23,19,2026022305015574,BHL,4,55,838,195.00,"163,410.00"
2026-02-23,20,2026022305015573,BHL,50,55,62,195.00,"12,090.00"
2026-02-23,21,2026022305015572,BHL,45,55,"1,600",195.10,"312,160.00"
2026-02-23,22,2026022305015415,BHL,45,77,"3,525",195.10,"687,727.50"
2026-02-23,23,2026022305015408,BHL,58,77,111,195.20,"21,667.20"
2026-02-23,24,2026022305015407,BHL,70,77,"1,000",195.30,"195,300.00"
2026-02-23,25,2026022305015406,BHL,49,77,70,195.30,"13,671.00"
2026-02-23,26,2026022305015405,BHL,58,77,10,195.40,"1,954.00"
2026-02-23,27,2026022305015363,BHL,58,49,50,195.40,"9,770.00"
2026-02-23,28,2026022305015414,BHL,34,77,10,195.10,"1,951.00"
2026-02-23,29,2026022305015413,BHL,21,77,75,195.20,"14,640.00"
2026-02-23,30,2026022305015412,BHL,96,77,50,195.20,"9,760.00"
2026-02-23,31,2026022305015411,BHL,55,77,50,195.20,"9,760.00"
2026-02-23,32,2026022305015410,BHL,22,77,50,195.20,"9,760.00"
2026-02-23,33,2026022305015409,BHL,7,77,49,195.20,"9,564.80"
2026-02-23,34,2026022305015681,BHPL,34,74,10,555.00,"5,550.00"
2026-02-23,35,2026022305015593,BHPL,34,74,339,555.00,"188,145.00"
2026-02-23,36,2026022305015592,BHPL,34,7,10,555.00,"5,550.00"
2026-02-23,37,2026022305015591,BHPL,34,38,50,553.50,"27,675.00"
2026-02-23,38,2026022305015590,BHPL,34,59,20,552.00,"11,040.00"
2026-02-23,39,2026022305015589,BHPL,34,57,81,552.00,"44,712.00"
2026-02-23,40,2026022305015349,BHPL,34,70,300,549.80,"164,940.00"
2026-02-23,41,2026022305015348,BHPL,34,59,10,549.60,"5,496.00"
2026-02-23,42,2026022305015355,BHPL,34,34,60,550.00,"33,000.00"
2026-02-23,43,2026022305015354,BHPL,34,16,10,550.00,"5,500.00"
2026-02-23,44,2026022305015353,BHPL,34,22,10,550.00,"5,500.00"
2026-02-23,45,2026022305015352,BHPL,34,41,490,550.00,"269,500.00"
2026-02-23,46,2026022305015351,BHPL,34,70,300,549.90,"164,970.00"
2026-02-23,47,2026022305015350,BHPL,34,49,510,549.90,"280,449.00"
2026-02-23,48,2026022305015464,BHPL,34,43,50,550.70,"27,535.00"
2026-02-23,49,2026022305015463,BHPL,34,34,210,550.60,"115,626.00"
2026-02-23,50,2026022305015359,BHPL,34,34,90,550.60,"49,554.00"
2026-02-23,51,2026022305015358,BHPL,34,20,20,550.50,"11,010.00"
2026-02-23,52,2026022305015357,BHPL,34,20,50,550.50,"27,525.00"
2026-02-23,53,2026022305015356,BHPL,34,57,150,550.00,"82,500.00"
2026-02-23,54,2026022305015470,BHPL,34,57,69,552.00,"38,088.00"
2026-02-23,55,2026022305015469,BHPL,34,59,10,551.70,"5,517.00"
2026-02-23,56,2026022305015468,BHPL,34,57,10,551.00,"5,510.00"
2026-02-23,57,2026022305015467,BHPL,34,48,130,551.00,"71,630.00"
2026-02-23,58,2026022305015466,BHPL,34,66,290,551.00,"159,790.00"
2026-02-23,59,2026022305015465,BHPL,34,45,231,550.80,"127,234.80"
2026-02-23,60,2026022305015515,BNHC,43,17,20,339.90,"6,798.00"
2026-02-23,61,2026022305015494,BNHC,6,90,20,340.00,"6,800.00"
2026-02-23,62,2026022305015757,CHDC,50,14,20,"2,535.00","50,700.00"
2026-02-23,63,2026022305015722,CHDC,91,38,10,"2,540.00","25,400.00"
2026-02-23,64,2026022305015717,CHDC,7,38,359,"2,540.00","911,860.00"
2026-02-23,65,2026022305015716,CHDC,7,45,50,"2,540.00","127,000.00"
2026-02-23,66,2026022305015715,CHDC,7,26,498,"2,540.00","1,264,920.00"
2026-02-23,67,2026022305015714,CHDC,7,40,500,"2,540.00","1,270,000.00"
2026-02-23,68,2026022305015371,CHDC,17,22,166,"2,535.00","420,810.00"
2026-02-23,69,2026022305015370,CHDC,60,22,10,"2,535.10","25,351.00"
2026-02-23,70,2026022305015587,CHDC,81,45,200,"2,535.00","507,000.00"
2026-02-23,71,2026022305015514,CHDC,48,45,10,"2,535.00","25,350.00"
2026-02-23,72,2026022305015432,CHDC,58,45,25,"2,536.00","63,400.00"
2026-02-23,73,2026022305015374,CHDC,17,22,261,"2,533.10","661,139.10"
2026-02-23,74,2026022305015373,CHDC,34,22,"1,000","2,533.20","2,533,200.00"
2026-02-23,75,2026022305015372,CHDC,81,22,200,"2,535.00","507,000.00"
2026-02-23,76,2026022305015658,CHDC,75,4,10,"2,538.00","25,380.00"
2026-02-23,77,2026022305015657,CHDC,75,29,30,"2,538.00","76,140.00"
2026-02-23,78,2026022305015656,CHDC,75,22,30,"2,537.90","76,137.00"
2026-02-23,79,2026022305015613,CHDC,91,22,20,"2,537.90","50,758.00"
2026-02-23,80,2026022305015612,CHDC,91,29,10,"2,537.00","25,370.00"
2026-02-23,81,2026022305015597,CHDC,50,45,18,"2,535.00","45,630.00"
2026-02-23,82,2026022305015664,CHDC,75,60,50,"2,539.90","126,995.00"
2026-02-23,83,2026022305015663,CHDC,75,7,100,"2,539.80","253,980.00"
2026-02-23,84,2026022305015662,CHDC,75,33,30,"2,539.00","76,170.00"
2026-02-23,85,2026022305015661,CHDC,75,29,20,"2,539.00","50,780.00"
2026-02-23,86,2026022305015660,CHDC,75,39,25,"2,539.00","63,475.00"
2026-02-23,87,2026022305015659,CHDC,75,49,20,"2,538.50","50,770.00"
2026-02-23,88,2026022305015701,CHDC,7,44,11,"2,540.00","27,940.00"
2026-02-23,89,2026022305015700,CHDC,7,39,28,"2,540.00","71,120.00"
2026-02-23,90,2026022305015699,CHDC,7,34,21,"2,540.00","53,340.00"
2026-02-23,91,2026022305015698,CHDC,7,39,30,"2,540.00","76,200.00"
2026-02-23,92,2026022305015697,CHDC,7,96,50,"2,540.00","127,000.00"
2026-02-23,93,2026022305015696,CHDC,7,34,12,"2,540.00","30,480.00"
2026-02-23,94,2026022305015707,CHDC,7,96,20,"2,540.00","50,800.00"
2026-02-23,95,2026022305015706,CHDC,7,4,12,"2,540.00","30,480.00"
2026-02-23,96,2026022305015705,CHDC,7,40,50,"2,540.00","127,000.00"
2026-02-23,97,2026022305015704,CHDC,7,59,10,"2,540.00","25,400.00"
2026-02-23,98,2026022305015703,CHDC,7,34,31,"2,540.00","78,740.00"
2026-02-23,99,2026022305015702,CHDC,7,64,60,"2,540.00","152,400.00"
2026-02-23,100,2026022305015713,CHDC,7,39,50,"2,540.00","127,000.00"
2026-02-23,101,2026022305015712,CHDC,7,34,42,"2,540.00","106,680.00"
2026-02-23,102,2026022305015711,CHDC,7,38,12,"2,540.00","30,480.00"
2026-02-23,103,2026022305015710,CHDC,7,40,20,"2,540.00","50,800.00"
2026-02-23,104,2026022305015709,CHDC,7,39,10,"2,540.00","25,400.00"
2026-02-23,105,2026022305015708,CHDC,7,40,24,"2,540.00","60,960.00"
2026-02-23,106,2026022305015782,CIT,58,58,20,"1,741.50","34,830.00"
2026-02-23,107,2026022305015488,CIT,58,19,30,"1,741.50","52,245.00"
2026-02-23,108,2026022305015487,CIT,54,19,20,"1,741.60","34,832.00"
2026-02-23,109,2026022305015380,CKHL,39,63,20,674.20,"13,484.00"
2026-02-23,110,2026022305015598,CLI,43,8,13,455.00,"5,915.00"
2026-02-23,111,2026022305015802,DOLTI,13,42,20,507.00,"10,140.00"
2026-02-23,112,2026022305015616,DOLTI,3,58,10,500.10,"5,001.00"
2026-02-23,113,2026022305015430,DOLTI,3,7,963,500.10,"481,596.30"
2026-02-23,114,2026022305015429,DOLTI,3,7,37,501.00,"18,537.00"
2026-02-23,115,2026022305015621,DORDI,52,6,96,267.00,"25,632.00"
2026-02-23,116,2026022305015620,DORDI,60,6,305,268.00,"81,740.00"
2026-02-23,117,2026022305015617,DORDI,60,49,195,267.90,"52,240.50"
2026-02-23,118,2026022305015525,DORDI,52,36,118,267.00,"31,506.00"
2026-02-23,119,2026022305015471,DORDI,69,36,582,267.00,"155,394.00"
2026-02-23,120,2026022305015819,EHPL,17,34,660,405.00,"267,300.00"
2026-02-23,121,2026022305015818,EHPL,17,57,50,405.00,"20,250.00"
2026-02-23,122,2026022305015421,EHPL,17,34,90,403.00,"36,270.00"
2026-02-23,123,2026022305015789,GCIL,57,41,79,407.00,"32,153.00"
2026-02-23,124,2026022305015788,GCIL,34,41,60,407.00,"24,420.00"
2026-02-23,125,2026022305015787,GCIL,43,41,240,407.00,"97,680.00"
2026-02-23,126,2026022305015786,GCIL,58,41,50,407.10,"20,355.00"
2026-02-23,127,2026022305015785,GCIL,56,41,922,407.10,"375,346.20"
2026-02-23,128,2026022305015784,GCIL,6,41,39,409.00,"15,951.00"
2026-02-23,129,2026022305015692,GCIL,6,22,11,409.00,"4,499.00"
2026-02-23,130,2026022305015635,GVL,6,48,48,479.40,"23,011.20"
2026-02-23,131,2026022305015568,GVL,6,48,30,479.40,"14,382.00"
2026-02-23,132,2026022305015567,GVL,6,48,20,479.40,"9,588.00"
2026-02-23,133,2026022305015508,GVL,5,49,100,479.60,"47,960.00"
2026-02-23,134,2026022305015566,GVL,44,48,100,479.40,"47,940.00"
2026-02-23,135,2026022305015565,GVL,6,48,150,479.40,"71,910.00"
2026-02-23,136,2026022305015564,GVL,6,48,11,479.40,"5,273.40"
2026-02-23,137,2026022305015511,GVL,6,49,139,479.40,"66,636.60"
2026-02-23,138,2026022305015510,GVL,6,49,100,479.40,"47,940.00"
2026-02-23,139,2026022305015509,GVL,6,49,25,479.50,"11,987.50"
2026-02-23,140,2026022305015399,HATHY,57,50,2,870.50,"1,741.00"
2026-02-23,141,2026022305015823,HDL,57,4,300,"1,133.10","339,930.00"
2026-02-23,142,2026022305015424,HDL,22,34,15,"1,133.50","17,002.50"
2026-02-23,143,2026022305015423,HDL,41,34,85,"1,133.50","96,347.50"
2026-02-23,144,2026022305015422,HDL,66,34,158,"1,134.00","179,172.00"
2026-02-23,145,2026022305015569,HDL,66,42,21,"1,134.00","23,814.00"
2026-02-23,146,2026022305015462,HDL,66,58,19,"1,134.00","21,546.00"
2026-02-23,147,2026022305015428,HDL,57,34,296,"1,133.10","335,397.60"
2026-02-23,148,2026022305015427,HDL,47,34,20,"1,133.10","22,662.00"
2026-02-23,149,2026022305015426,HDL,57,34,50,"1,133.20","56,660.00"
2026-02-23,150,2026022305015425,HDL,42,34,76,"1,133.20","86,123.20"
2026-02-23,151,2026022305015736,HDL,57,13,200,"1,133.10","226,620.00"
2026-02-23,152,2026022305015733,HDL,49,42,29,"1,134.00","32,886.00"
2026-02-23,153,2026022305015582,HDL,22,42,15,"1,134.00","17,010.00"
2026-02-23,154,2026022305015570,HDL,7,42,35,"1,134.00","39,690.00"
2026-02-23,155,2026022305015595,HHL,52,90,100,328.00,"32,800.00"
2026-02-23,156,2026022305015594,HHL,52,58,10,326.60,"3,266.00"
2026-02-23,157,2026022305015416,HHL,42,42,390,326.50,"127,335.00"
2026-02-23,158,2026022305015811,HIDCL,62,34,10,256.90,"2,569.00"
2026-02-23,159,2026022305015800,HIDCL,52,34,10,256.90,"2,569.00"
2026-02-23,160,2026022305015491,HIDCL,49,41,890,256.30,"228,107.00"
2026-02-23,161,2026022305015490,HIDCL,50,41,610,256.30,"156,343.00"
2026-02-23,162,2026022305015489,HIDCL,50,47,100,256.30,"25,630.00"
2026-02-23,163,2026022305015461,HRL,35,32,100,827.00,"82,700.00"
2026-02-23,164,2026022305015460,HRL,35,32,300,827.00,"248,100.00"
2026-02-23,165,2026022305015474,HRL,35,58,10,827.00,"8,270.00"
2026-02-23,166,2026022305015472,HRL,39,34,1,828.00,828.00
2026-02-23,167,2026022305015609,HRL,44,32,17,827.00,"14,059.00"
2026-02-23,168,2026022305015608,HRL,35,32,189,827.00,"156,303.00"
2026-02-23,169,2026022305015726,HRL,47,32,179,827.00,"148,033.00"
2026-02-23,170,2026022305015634,HRL,39,34,1,828.20,828.20
2026-02-23,171,2026022305015611,HRL,96,32,15,827.00,"12,405.00"
2026-02-23,172,2026022305015610,HRL,1,32,100,827.00,"82,700.00"
2026-02-23,173,2026022305015446,ILI,26,37,12,433.10,"5,197.20"
2026-02-23,174,2026022305015337,ILI,41,51,40,434.00,"17,360.00"
2026-02-23,175,2026022305015651,KDBY,10,52,100,10.00,"1,000.00"
2026-02-23,176,2026022305015834,MAKAR,54,1,570,533.00,"303,810.00"
2026-02-23,177,2026022305015654,MAKAR,54,44,30,533.00,"15,990.00"
2026-02-23,178,2026022305015653,MAKAR,1,44,20,533.00,"10,660.00"
2026-02-23,179,2026022305015652,MAKAR,45,1,25,533.20,"13,330.00"
2026-02-23,180,2026022305015606,MAKAR,14,1,300,533.20,"159,960.00"
2026-02-23,181,2026022305015605,MAKAR,45,1,25,533.30,"13,332.50"
2026-02-23,182,2026022305015402,MAKAR,19,44,40,534.00,"21,360.00"
2026-02-23,183,2026022305015401,MAKAR,16,44,80,534.00,"42,720.00"
2026-02-23,184,2026022305015400,MAKAR,54,44,110,534.00,"58,740.00"
2026-02-23,185,2026022305015637,MANDU,4,45,30,800.00,"24,000.00"
2026-02-23,186,2026022305015754,MBJC,33,58,405,282.50,"114,412.50"
2026-02-23,187,2026022305015753,MBJC,57,58,500,282.50,"141,250.00"
2026-02-23,188,2026022305015752,MBJC,47,58,200,282.60,"56,520.00"
2026-02-23,189,2026022305015751,MBJC,19,58,590,282.60,"166,734.00"
2026-02-23,190,2026022305015750,MBJC,66,58,400,282.70,"113,080.00"
2026-02-23,191,2026022305015749,MBJC,52,58,100,282.70,"28,270.00"
2026-02-23,192,2026022305015694,MBJC,42,41,198,283.30,"56,093.40"
2026-02-23,193,2026022305015669,MBJC,40,41,100,283.30,"28,330.00"
2026-02-23,194,2026022305015636,MBJC,45,14,30,284.00,"8,520.00"
2026-02-23,195,2026022305015346,MBJC,45,38,20,283.30,"5,666.00"
2026-02-23,196,2026022305015742,MBJC,34,58,20,283.00,"5,660.00"
2026-02-23,197,2026022305015741,MBJC,34,58,100,283.00,"28,300.00"
2026-02-23,198,2026022305015740,MBJC,38,58,100,283.10,"28,310.00"
2026-02-23,199,2026022305015739,MBJC,32,58,300,283.10,"84,930.00"
2026-02-23,200,2026022305015738,MBJC,42,58,500,283.20,"141,600.00"
2026-02-23,201,2026022305015737,MBJC,48,58,100,283.20,"28,320.00"
2026-02-23,202,2026022305015748,MBJC,38,58,100,282.80,"28,280.00"
2026-02-23,203,2026022305015747,MBJC,51,58,400,282.80,"113,120.00"
2026-02-23,204,2026022305015746,MBJC,52,58,90,282.80,"25,452.00"
2026-02-23,205,2026022305015745,MBJC,34,58,"1,500",283.00,"424,500.00"
2026-02-23,206,2026022305015744,MBJC,58,58,30,283.00,"8,490.00"
2026-02-23,207,2026022305015743,MBJC,58,58,500,283.00,"141,500.00"
2026-02-23,208,2026022305015730,MCHL,34,45,190,408.00,"77,520.00"
2026-02-23,209,2026022305015729,MCHL,34,41,202,408.00,"82,416.00"
2026-02-23,210,2026022305015655,MCHL,13,58,50,407.00,"20,350.00"
2026-02-23,211,2026022305015831,MEHL,42,32,10,437.90,"4,379.00"
2026-02-23,212,2026022305015830,MEHL,42,57,10,437.00,"4,370.00"
2026-02-23,213,2026022305015814,MEL,55,44,10,281.90,"2,819.00"
2026-02-23,214,2026022305015813,MEL,55,65,90,281.80,"25,362.00"
2026-02-23,215,2026022305015781,MEL,55,55,24,281.00,"6,744.00"
2026-02-23,216,2026022305015780,MEL,55,58,10,281.00,"2,810.00"
2026-02-23,217,2026022305015779,MEL,55,32,150,281.00,"42,150.00"
2026-02-23,218,2026022305015778,MEL,55,34,150,280.00,"42,000.00"
2026-02-23,219,2026022305015482,MEL,45,32,100,279.00,"27,900.00"
2026-02-23,220,2026022305015481,MEL,55,32,132,279.00,"36,828.00"
2026-02-23,221,2026022305015480,MEL,7,32,10,279.90,"2,799.00"
2026-02-23,222,2026022305015479,MEL,45,32,50,280.00,"14,000.00"
2026-02-23,223,2026022305015486,MEL,55,32,190,277.10,"52,649.00"
2026-02-23,224,2026022305015485,MEL,13,32,60,277.30,"16,638.00"
2026-02-23,225,2026022305015484,MEL,58,32,10,277.50,"2,775.00"
2026-02-23,226,2026022305015483,MEL,11,32,20,278.00,"5,560.00"
2026-02-23,227,2026022305015777,MEL,55,36,50,280.00,"14,000.00"
2026-02-23,228,2026022305015776,MEL,55,6,10,278.00,"2,780.00"
2026-02-23,229,2026022305015783,MHCL,10,56,50,347.90,"17,395.00"
2026-02-23,230,2026022305015731,MHCL,38,8,420,347.50,"145,950.00"
2026-02-23,231,2026022305015727,MHCL,38,50,10,347.50,"3,475.00"
2026-02-23,232,2026022305015723,MHCL,10,56,20,347.90,"6,958.00"
2026-02-23,233,2026022305015625,MHCL,42,56,200,347.90,"69,580.00"
2026-02-23,234,2026022305015507,MHCL,26,56,30,347.90,"10,437.00"
2026-02-23,235,2026022305015680,MHL,29,45,20,513.20,"10,264.00"
2026-02-23,236,2026022305015601,MHL,58,45,10,513.10,"5,131.00"
2026-02-23,237,2026022305015476,MHL,58,45,92,513.10,"47,205.20"
2026-02-23,238,2026022305015475,MHL,34,45,100,514.00,"51,400.00"
2026-02-23,239,2026022305015816,MKHC,57,38,990,312.10,"308,979.00"
2026-02-23,240,2026022305015815,MKHC,21,38,10,314.00,"3,140.00"
2026-02-23,241,2026022305015836,MKJC,48,77,43,525.00,"22,575.00"
2026-02-23,242,2026022305015835,MKJC,48,38,57,522.00,"29,754.00"
2026-02-23,243,2026022305015794,MKJC,41,38,200,521.00,"104,200.00"
2026-02-23,244,2026022305015775,MMF1,52,13,"2,000",9.61,"19,220.00"
2026-02-23,245,2026022305015774,MMF1,52,16,"5,000",9.61,"48,050.00"
2026-02-23,246,2026022305015773,MMF1,52,34,"2,900",9.61,"27,869.00"
2026-02-23,247,2026022305015772,MMF1,52,3,100,9.61,961.00
2026-02-23,248,2026022305015771,MMF1,52,34,"1,000",9.61,"9,610.00"
2026-02-23,249,2026022305015770,MMF1,52,49,100,9.60,960.00
2026-02-23,250,2026022305015450,MMF1,52,45,293,9.52,"2,789.36"
2026-02-23,251,2026022305015769,MMF1,52,58,450,9.58,"4,311.00"
2026-02-23,252,2026022305015768,MMF1,52,55,"1,900",9.58,"18,202.00"
2026-02-23,253,2026022305015767,MMF1,52,5,"3,100",9.57,"29,667.00"
2026-02-23,254,2026022305015766,MMF1,52,45,200,9.56,"1,912.00"
2026-02-23,255,2026022305015452,MMF1,52,52,"5,000",9.54,"47,700.00"
2026-02-23,256,2026022305015451,MMF1,52,43,"5,000",9.53,"47,650.00"
2026-02-23,257,2026022305015596,MMKJL,32,58,100,560.00,"56,000.00"
2026-02-23,258,2026022305015801,MSHL,45,16,10,796.90,"7,969.00"
2026-02-23,259,2026022305015724,MSHL,45,62,30,788.10,"23,643.00"
2026-02-23,260,2026022305015683,NIFRA,6,38,19,257.90,"4,900.10"
2026-02-23,261,2026022305015647,NIFRA,42,70,300,257.40,"77,220.00"
2026-02-23,262,2026022305015604,NIFRA,42,90,200,257.40,"51,480.00"
2026-02-23,263,2026022305015457,NIFRA,42,90,100,257.40,"25,740.00"
2026-02-23,264,2026022305015456,NIFRA,49,90,100,257.50,"25,750.00"
2026-02-23,265,2026022305015812,NRIC,58,56,10,"1,217.50","12,175.00"
2026-02-23,266,2026022305015756,NRIC,48,48,50,"1,217.00","60,850.00"
2026-02-23,267,2026022305015520,NRIC,48,44,46,"1,217.00","55,982.00"
2026-02-23,268,2026022305015519,NRIC,34,44,100,"1,217.10","121,710.00"
2026-02-23,269,2026022305015518,NRIC,49,44,20,"1,217.10","24,342.00"
2026-02-23,270,2026022305015517,NRIC,38,44,34,"1,217.50","41,395.00"
2026-02-23,271,2026022305015671,NRM,34,57,59,418.00,"24,662.00"
2026-02-23,272,2026022305015809,NTC,51,50,25,855.00,"21,375.00"
2026-02-23,273,2026022305015639,NTC,60,58,260,859.00,"223,340.00"
2026-02-23,274,2026022305015379,NTC,60,55,30,856.00,"25,680.00"
2026-02-23,275,2026022305015369,NTC,60,34,20,856.00,"17,120.00"
2026-02-23,276,2026022305015527,NYADI,51,38,10,390.00,"3,900.00"
2026-02-23,277,2026022305015367,NYADI,51,34,10,390.00,"3,900.00"
2026-02-23,278,2026022305015793,PHCL,42,16,100,281.00,"28,100.00"
2026-02-23,279,2026022305015792,PHCL,4,16,200,281.10,"56,220.00"
2026-02-23,280,2026022305015691,PHCL,42,42,522,281.00,"146,682.00"
2026-02-23,281,2026022305015690,PHCL,41,42,278,281.00,"78,118.00"
2026-02-23,282,2026022305015689,PHCL,41,32,222,281.00,"62,382.00"
2026-02-23,283,2026022305015688,PHCL,35,32,500,281.00,"140,500.00"
2026-02-23,284,2026022305015584,PHCL,42,57,222,281.00,"62,382.00"
2026-02-23,285,2026022305015459,PHCL,42,56,10,281.00,"2,810.00"
2026-02-23,286,2026022305015440,PHCL,42,91,768,281.00,"215,808.00"
2026-02-23,287,2026022305015439,PHCL,44,91,108,281.00,"30,348.00"
2026-02-23,288,2026022305015438,PHCL,58,91,24,281.00,"6,744.00"
2026-02-23,289,2026022305015437,PHCL,41,91,100,281.10,"28,110.00"
2026-02-23,290,2026022305015687,PHCL,58,32,228,281.00,"64,068.00"
2026-02-23,291,2026022305015624,PHCL,58,69,22,281.00,"6,182.00"
2026-02-23,292,2026022305015623,PHCL,58,69,500,281.00,"140,500.00"
2026-02-23,293,2026022305015622,PHCL,42,69,78,281.00,"21,918.00"
2026-02-23,294,2026022305015586,PHCL,42,57,278,281.00,"78,118.00"
2026-02-23,295,2026022305015585,PHCL,57,57,100,281.00,"28,100.00"
2026-02-23,296,2026022305015677,PPL,26,53,33,380.10,"12,543.30"
2026-02-23,297,2026022305015676,PPL,26,52,10,380.00,"3,800.00"
2026-02-23,298,2026022305015675,PPL,26,42,10,380.00,"3,800.00"
2026-02-23,299,2026022305015674,PPL,26,62,300,380.00,"114,000.00"
2026-02-23,300,2026022305015673,PPL,26,34,38,380.00,"14,440.00"
2026-02-23,301,2026022305015672,PPL,26,50,109,379.90,"41,409.10"
2026-02-23,302,2026022305015492,PPL,26,3,500,379.70,"189,850.00"
2026-02-23,303,2026022305015804,RFPL,45,45,10,380.00,"3,800.00"
2026-02-23,304,2026022305015728,RFPL,48,45,"2,000",380.00,"760,000.00"
2026-02-23,305,2026022305015670,RFPL,1,47,100,379.60,"37,960.00"
2026-02-23,306,2026022305015614,RFPL,57,45,100,380.00,"38,000.00"
2026-02-23,307,2026022305015521,RFPL,66,45,400,380.00,"152,000.00"
2026-02-23,308,2026022305015499,RFPL,57,45,100,380.00,"38,000.00"
2026-02-23,309,2026022305015498,RFPL,56,45,100,380.00,"38,000.00"
2026-02-23,310,2026022305015497,RFPL,38,45,450,380.00,"171,000.00"
2026-02-23,311,2026022305015496,RFPL,99,45,200,380.10,"76,020.00"
2026-02-23,312,2026022305015495,RFPL,58,45,200,380.10,"76,020.00"
2026-02-23,313,2026022305015362,RFPL,66,7,"1,200",384.00,"460,800.00"
2026-02-23,314,2026022305015366,RHGCL,14,55,141,263.10,"37,097.10"
2026-02-23,315,2026022305015365,RHGCL,38,55,259,263.30,"68,194.70"
2026-02-23,316,2026022305015364,RHGCL,57,55,100,263.50,"26,350.00"
2026-02-23,317,2026022305015454,RMF1,16,43,"7,550",9.65,"72,857.50"
2026-02-23,318,2026022305015453,RMF1,40,43,100,9.69,969.00
2026-02-23,319,2026022305015826,RNLI,14,45,190,448.70,"85,253.00"
2026-02-23,320,2026022305015825,RNLI,7,45,100,448.70,"44,870.00"
2026-02-23,321,2026022305015824,RNLI,47,45,10,448.90,"4,489.00"
2026-02-23,322,2026022305015640,RNLI,21,11,1,446.00,446.00
2026-02-23,323,2026022305015458,RNLI,32,25,12,449.40,"5,392.80"
2026-02-23,324,2026022305015345,RNLI,21,55,1,445.00,445.00
2026-02-23,325,2026022305015563,RNLI,13,56,10,449.00,"4,490.00"
2026-02-23,326,2026022305015562,RNLI,53,56,200,449.00,"89,800.00"
2026-02-23,327,2026022305015535,RNLI,21,41,1,446.00,446.00
2026-02-23,328,2026022305015526,RNLI,32,7,12,449.40,"5,392.80"
2026-02-23,329,2026022305015721,SAHAS,54,58,20,554.00,"11,080.00"
2026-02-23,330,2026022305015720,SAHAS,21,58,80,554.00,"44,320.00"
2026-02-23,331,2026022305015455,SAHAS,38,33,10,555.00,"5,550.00"
2026-02-23,332,2026022305015442,SAHAS,58,33,32,555.00,"17,760.00"
2026-02-23,333,2026022305015441,SAHAS,75,33,46,555.00,"25,530.00"
2026-02-23,334,2026022305015420,SAHAS,75,38,13,555.00,"7,215.00"
2026-02-23,335,2026022305015735,SANVI,40,80,200,779.00,"155,800.00"
2026-02-23,336,2026022305015734,SANVI,74,80,300,780.00,"234,000.00"
2026-02-23,337,2026022305015718,SANVI,74,13,200,780.00,"156,000.00"
2026-02-23,338,2026022305015523,SANVI,40,14,140,779.00,"109,060.00"
2026-02-23,339,2026022305015522,SANVI,74,14,360,780.00,"280,800.00"
2026-02-23,340,2026022305015419,SANVI,74,58,10,780.00,"7,800.00"
2026-02-23,341,2026022305015418,SANVI,74,80,500,779.00,"389,500.00"
2026-02-23,342,2026022305015417,SANVI,74,95,130,778.00,"101,140.00"
2026-02-23,343,2026022305015404,SANVI,32,39,50,776.00,"38,800.00"
2026-02-23,344,2026022305015403,SANVI,17,39,50,776.10,"38,805.00"
2026-02-23,345,2026022305015686,SGHC,59,48,141,377.20,"53,185.20"
2026-02-23,346,2026022305015685,SGHC,58,48,93,377.40,"35,098.20"
2026-02-23,347,2026022305015684,SGHC,39,48,50,377.50,"18,875.00"
2026-02-23,348,2026022305015638,SGHC,42,29,10,377.50,"3,775.00"
2026-02-23,349,2026022305015807,SHIVM,48,29,114,605.00,"68,970.00"
2026-02-23,350,2026022305015806,SHIVM,48,47,100,605.00,"60,500.00"
2026-02-23,351,2026022305015805,SHIVM,48,48,86,605.00,"52,030.00"
2026-02-23,352,2026022305015765,SHIVM,75,48,14,605.00,"8,470.00"
2026-02-23,353,2026022305015764,SHIVM,75,38,156,605.00,"94,380.00"
2026-02-23,354,2026022305015763,SHIVM,75,41,100,605.00,"60,500.00"
2026-02-23,355,2026022305015602,SHIVM,45,62,1,591.00,591.00
2026-02-23,356,2026022305015360,SHIVM,22,25,100,602.50,"60,250.00"
2026-02-23,357,2026022305015762,SHIVM,75,22,25,605.00,"15,125.00"
2026-02-23,358,2026022305015761,SHIVM,75,74,205,605.00,"124,025.00"
2026-02-23,359,2026022305015760,SHIVM,75,45,100,604.90,"60,490.00"
2026-02-23,360,2026022305015759,SHIVM,75,13,300,604.90,"181,470.00"
2026-02-23,361,2026022305015758,SHIVM,75,21,100,603.00,"60,300.00"
2026-02-23,362,2026022305015633,SHIVM,32,21,20,603.00,"12,060.00"
2026-02-23,363,2026022305015828,SIKLES,46,50,10,603.70,"6,037.00"
2026-02-23,364,2026022305015755,SIKLES,57,52,100,600.10,"60,010.00"
2026-02-23,365,2026022305015678,SIKLES,57,32,50,600.10,"30,005.00"
2026-02-23,366,2026022305015524,SIKLES,57,48,10,600.10,"6,001.00"
2026-02-23,367,2026022305015513,SMATA,57,58,32,770.30,"24,649.60"
2026-02-23,368,2026022305015512,SMATA,34,58,68,770.50,"52,394.00"
2026-02-23,369,2026022305015791,SMH,17,49,20,699.00,"13,980.00"
2026-02-23,370,2026022305015682,SMH,38,49,10,699.00,"6,990.00"
2026-02-23,371,2026022305015571,SMH,57,49,22,699.00,"15,378.00"
2026-02-23,372,2026022305015561,SMH,45,49,98,699.00,"68,502.00"
2026-02-23,373,2026022305015560,SMH,88,49,200,699.00,"139,800.00"
2026-02-23,374,2026022305015559,SMH,41,49,150,699.00,"104,850.00"
2026-02-23,375,2026022305015431,SMH,7,34,100,700.00,"70,000.00"
2026-02-23,376,2026022305015375,SMH,57,34,90,700.00,"63,000.00"
2026-02-23,377,2026022305015340,SMH,32,34,87,700.00,"60,900.00"
2026-02-23,378,2026022305015339,SMH,32,49,21,700.00,"14,700.00"
2026-02-23,379,2026022305015338,SMH,32,34,192,700.00,"134,400.00"
2026-02-23,380,2026022305015540,SMH,54,49,20,699.80,"13,996.00"
2026-02-23,381,2026022305015539,SMH,46,49,25,699.80,"17,495.00"
2026-02-23,382,2026022305015538,SMH,8,49,20,699.90,"13,998.00"
2026-02-23,383,2026022305015537,SMH,45,49,57,699.90,"39,894.30"
2026-02-23,384,2026022305015536,SMH,41,49,35,699.90,"24,496.50"
2026-02-23,385,2026022305015434,SMH,41,42,50,699.90,"34,995.00"
2026-02-23,386,2026022305015546,SMH,46,49,25,699.20,"17,480.00"
2026-02-23,387,2026022305015545,SMH,87,49,110,699.20,"76,912.00"
2026-02-23,388,2026022305015544,SMH,43,49,67,699.30,"46,853.10"
2026-02-23,389,2026022305015543,SMH,46,49,50,699.30,"34,965.00"
2026-02-23,390,2026022305015542,SMH,46,49,13,699.70,"9,096.10"
2026-02-23,391,2026022305015541,SMH,43,49,97,699.80,"67,880.60"
2026-02-23,392,2026022305015552,SMH,42,49,110,699.00,"76,890.00"
2026-02-23,393,2026022305015551,SMH,46,49,25,699.10,"17,477.50"
2026-02-23,394,2026022305015550,SMH,43,49,177,699.10,"123,740.70"
2026-02-23,395,2026022305015549,SMH,57,49,100,699.10,"69,910.00"
2026-02-23,396,2026022305015548,SMH,46,49,20,699.10,"13,982.00"
2026-02-23,397,2026022305015547,SMH,57,49,30,699.20,"20,976.00"
2026-02-23,398,2026022305015558,SMH,14,49,10,699.00,"6,990.00"
2026-02-23,399,2026022305015557,SMH,6,49,25,699.00,"17,475.00"
2026-02-23,400,2026022305015556,SMH,58,49,10,699.00,"6,990.00"
2026-02-23,401,2026022305015555,SMH,42,49,100,699.00,"69,900.00"
2026-02-23,402,2026022305015554,SMH,17,49,70,699.00,"48,930.00"
2026-02-23,403,2026022305015553,SMH,17,49,10,699.00,"6,990.00"
2026-02-23,404,2026022305015821,SMHL,17,48,91,451.10,"41,050.10"
2026-02-23,405,2026022305015820,SMHL,39,48,50,451.20,"22,560.00"
2026-02-23,406,2026022305015790,SMHL,39,58,50,451.20,"22,560.00"
2026-02-23,407,2026022305015725,SMHL,53,35,20,452.00,"9,040.00"
2026-02-23,408,2026022305015693,SMHL,43,42,100,451.20,"45,120.00"
2026-02-23,409,2026022305015679,SMHL,16,48,10,452.50,"4,525.00"
2026-02-23,410,2026022305015632,SMHL,17,42,495,451.10,"223,294.50"
2026-02-23,411,2026022305015631,SMHL,34,42,100,451.10,"45,110.00"
2026-02-23,412,2026022305015630,SMHL,81,42,130,451.10,"58,643.00"
2026-02-23,413,2026022305015583,SMHL,53,42,10,452.00,"4,520.00"
2026-02-23,414,2026022305015808,SMJC,72,54,10,475.10,"4,751.00"
2026-02-23,415,2026022305015803,SMJC,72,58,10,475.10,"4,751.00"
2026-02-23,416,2026022305015376,SMJC,42,89,11,480.00,"5,280.00"
2026-02-23,417,2026022305015832,SONA,56,34,10,416.10,"4,161.00"
2026-02-23,418,2026022305015649,SONA,40,60,603,417.00,"251,451.00"
2026-02-23,419,2026022305015648,SONA,40,7,97,416.00,"40,352.00"
2026-02-23,420,2026022305015615,SONA,56,7,10,416.00,"4,160.00"
2026-02-23,421,2026022305015533,SONA,45,7,10,416.00,"4,160.00"
2026-02-23,422,2026022305015532,SONA,57,7,500,416.00,"208,000.00"
2026-02-23,423,2026022305015368,SONA,20,37,10,416.10,"4,161.00"
2026-02-23,424,2026022305015531,SONA,57,7,100,416.00,"41,600.00"
2026-02-23,425,2026022305015530,SONA,21,7,48,416.00,"19,968.00"
2026-02-23,426,2026022305015529,SONA,41,7,160,416.00,"66,560.00"
2026-02-23,427,2026022305015528,SONA,22,7,75,416.10,"31,207.50"
2026-02-23,428,2026022305015478,SONA,34,19,500,416.10,"208,050.00"
2026-02-23,429,2026022305015477,SONA,21,19,100,416.10,"41,610.00"
2026-02-23,430,2026022305015732,SPC,86,1,10,480.90,"4,809.00"
2026-02-23,431,2026022305015666,SPC,33,48,23,477.10,"10,973.30"
2026-02-23,432,2026022305015665,SPC,52,48,27,477.20,"12,884.40"
2026-02-23,433,2026022305015619,SPC,86,1,10,480.90,"4,809.00"
2026-02-23,434,2026022305015618,SPC,86,74,200,480.00,"96,000.00"
2026-02-23,435,2026022305015668,SPHL,39,26,500,533.80,"266,900.00"
2026-02-23,436,2026022305015829,STC,59,45,10,"5,575.00","55,750.00"
2026-02-23,437,2026022305015449,TAMOR,58,57,980,413.00,"404,740.00"
2026-02-23,438,2026022305015448,TAMOR,58,47,10,413.00,"4,130.00"
2026-02-23,439,2026022305015447,TAMOR,58,49,10,412.00,"4,120.00"
2026-02-23,440,2026022305015344,TAMOR,32,51,70,411.00,"28,770.00"
2026-02-23,441,2026022305015343,TAMOR,19,51,100,411.00,"41,100.00"
2026-02-23,442,2026022305015342,TAMOR,34,51,50,411.00,"20,550.00"
2026-02-23,443,2026022305015341,TAMOR,34,51,10,411.10,"4,111.00"
2026-02-23,444,2026022305015817,TPC,76,92,10,375.00,"3,750.00"
2026-02-23,445,2026022305015629,TPC,74,92,10,375.00,"3,750.00"
2026-02-23,446,2026022305015506,TPC,4,96,50,371.00,"18,550.00"
2026-02-23,447,2026022305015505,TPC,58,96,500,371.00,"185,500.00"
2026-02-23,448,2026022305015504,TPC,40,96,500,371.10,"185,550.00"
2026-02-23,449,2026022305015503,TPC,40,96,100,371.10,"37,110.00"
2026-02-23,450,2026022305015384,TPC,49,45,566,373.00,"211,118.00"
2026-02-23,451,2026022305015383,TPC,8,45,500,373.00,"186,500.00"
2026-02-23,452,2026022305015382,TPC,36,45,98,373.00,"36,554.00"
2026-02-23,453,2026022305015381,TPC,49,45,50,373.30,"18,665.00"
2026-02-23,454,2026022305015390,TPC,14,45,200,372.10,"74,420.00"
2026-02-23,455,2026022305015389,TPC,6,45,16,372.40,"5,958.40"
2026-02-23,456,2026022305015388,TPC,49,45,10,372.40,"3,724.00"
2026-02-23,457,2026022305015387,TPC,4,45,100,373.00,"37,300.00"
2026-02-23,458,2026022305015386,TPC,45,45,200,373.00,"74,600.00"
2026-02-23,459,2026022305015385,TPC,43,45,50,373.00,"18,650.00"
2026-02-23,460,2026022305015396,TPC,99,45,500,371.60,"185,800.00"
2026-02-23,461,2026022305015395,TPC,32,45,"1,000",372.00,"372,000.00"
2026-02-23,462,2026022305015394,TPC,32,45,"1,000",372.00,"372,000.00"
2026-02-23,463,2026022305015393,TPC,44,45,30,372.00,"11,160.00"
2026-02-23,464,2026022305015392,TPC,58,45,50,372.00,"18,600.00"
2026-02-23,465,2026022305015391,TPC,17,45,100,372.10,"37,210.00"
2026-02-23,466,2026022305015502,TPC,74,96,66,371.50,"24,519.00"
2026-02-23,467,2026022305015501,TPC,17,96,100,373.10,"37,310.00"
2026-02-23,468,2026022305015500,TPC,32,96,700,374.00,"261,800.00"
2026-02-23,469,2026022305015493,TPC,32,62,300,374.00,"112,200.00"
2026-02-23,470,2026022305015398,TPC,74,45,234,371.50,"86,931.00"
2026-02-23,471,2026022305015397,TPC,32,45,300,371.50,"111,450.00"
2026-02-23,472,2026022305015810,TSHL,34,81,10,728.00,"7,280.00"
2026-02-23,473,2026022305015576,TSHL,28,48,590,722.00,"425,980.00"
2026-02-23,474,2026022305015575,TSHL,28,48,30,722.10,"21,663.00"
2026-02-23,475,2026022305015433,TSHL,28,4,100,722.10,"72,210.00"
2026-02-23,476,2026022305015833,TVCL,45,57,30,665.00,"19,950.00"
2026-02-23,477,2026022305015822,TVCL,34,45,20,667.00,"13,340.00"
2026-02-23,478,2026022305015799,TVCL,45,4,200,665.00,"133,000.00"
2026-02-23,479,2026022305015798,TVCL,45,61,37,665.00,"24,605.00"
2026-02-23,480,2026022305015797,TVCL,45,74,200,664.90,"132,980.00"
2026-02-23,481,2026022305015796,TVCL,45,29,450,664.00,"298,800.00"
2026-02-23,482,2026022305015795,TVCL,45,29,20,660.00,"13,200.00"
2026-02-23,483,2026022305015378,TVCL,60,49,10,655.30,"6,553.00"
2026-02-23,484,2026022305015667,UHEWA,10,60,50,551.00,"27,550.00"
2026-02-23,485,2026022305015377,UHEWA,10,47,80,551.00,"44,080.00"
2026-02-23,486,2026022305015603,USHEC,38,72,68,464.00,"31,552.00"
2026-02-23,487,2026022305015581,USHEC,38,11,100,464.00,"46,400.00"
2026-02-23,488,2026022305015580,USHEC,38,45,10,464.00,"4,640.00"
2026-02-23,489,2026022305015579,USHEC,38,47,12,463.90,"5,566.80"
2026-02-23,490,2026022305015444,USHEC,50,57,100,461.00,"46,100.00"
2026-02-23,491,2026022305015443,USHEC,39,57,14,461.00,"6,454.00"
2026-02-23,492,2026022305015578,USHEC,38,55,10,463.00,"4,630.00"
2026-02-23,493,2026022305015445,USHEC,49,57,90,461.00,"41,490.00"
2026-02-23,494,2026022305015827,USHL,34,42,10,710.00,"7,100.00"
2026-02-23,495,2026022305015646,USHL,34,42,16,710.00,"11,360.00"
2026-02-23,496,2026022305015645,USHL,34,57,44,705.00,"31,020.00"
2026-02-23,497,2026022305015644,USHL,34,39,40,705.00,"28,200.00"
2026-02-23,498,2026022305015516,USHL,42,33,280,704.00,"197,120.00"
2026-02-23,499,2026022305015607,VLUCL,17,45,100,556.00,"55,600.00"
2026-02-23,500,2026022305015347,VLUCL,17,58,70,556.00,"38,920.00"
2026-02-23,501,2026022305014882,AHL,49,1,152,505.00,"76,760.00"
2026-02-23,502,2026022305014881,AHL,42,1,48,505.00,"24,240.00"
2026-02-23,503,2026022305015326,BBC,39,58,20,"4,600.00","92,000.00"
2026-02-23,504,2026022305015259,BBC,53,58,20,"4,600.00","92,000.00"
2026-02-23,505,2026022305015111,BBC,33,58,10,"4,600.00","46,000.00"
2026-02-23,506,2026022305015110,BBC,45,58,25,"4,600.00","115,000.00"
2026-02-23,507,2026022305015109,BBC,74,58,20,"4,600.00","92,000.00"
2026-02-23,508,2026022305015108,BBC,1,58,20,"4,600.00","92,000.00"
2026-02-23,509,2026022305015107,BBC,39,58,20,"4,601.10","92,022.00"
2026-02-23,510,2026022305015106,BBC,38,58,10,"4,602.00","46,020.00"
2026-02-23,511,2026022305015105,BBC,38,58,10,"4,605.00","46,050.00"
2026-02-23,512,2026022305015104,BBC,54,58,30,"4,606.00","138,180.00"
2026-02-23,513,2026022305015032,BBC,32,77,10,"4,682.90","46,829.00"
2026-02-23,514,2026022305015316,BEDC,3,14,160,512.50,"82,000.00"
2026-02-23,515,2026022305015219,BEDC,57,55,23,515.00,"11,845.00"
2026-02-23,516,2026022305015135,BEDC,57,22,103,515.00,"53,045.00"
2026-02-23,517,2026022305015011,BEDC,3,50,10,512.50,"5,125.00"
2026-02-23,518,2026022305015322,BHDC,34,32,50,466.40,"23,320.00"
2026-02-23,519,2026022305015189,BHL,58,58,250,195.30,"48,825.00"
2026-02-23,520,2026022305015168,BHL,58,67,16,195.20,"3,123.20"
2026-02-23,521,2026022305015167,BHL,42,67,200,195.20,"39,040.00"
2026-02-23,522,2026022305015166,BHL,22,67,84,195.20,"16,396.80"
2026-02-23,523,2026022305015151,BHL,22,45,46,195.20,"8,979.20"
2026-02-23,524,2026022305015150,BHL,48,45,244,195.20,"47,628.80"
2026-02-23,525,2026022305015070,BHL,48,51,100,195.20,"19,520.00"
2026-02-23,526,2026022305014998,BHL,48,32,50,195.20,"9,760.00"
2026-02-23,527,2026022305014930,BHL,52,58,100,195.30,"19,530.00"
2026-02-23,528,2026022305014856,BHL,48,51,106,195.20,"20,691.20"
2026-02-23,529,2026022305014855,BHL,49,51,94,195.20,"18,348.80"
2026-02-23,530,2026022305014945,BHPL,34,49,10,549.90,"5,499.00"
2026-02-23,531,2026022305014944,BHPL,34,13,30,548.00,"16,440.00"
2026-02-23,532,2026022305014844,BHPL,17,13,20,548.00,"10,960.00"
2026-02-23,533,2026022305015312,BNHC,43,22,50,339.90,"16,995.00"
2026-02-23,534,2026022305015268,BNHC,42,22,50,339.90,"16,995.00"
2026-02-23,535,2026022305015112,BNHC,47,90,20,340.00,"6,800.00"
2026-02-23,536,2026022305014974,BNHC,63,90,50,340.00,"17,000.00"
2026-02-23,537,2026022305014973,BNHC,63,6,200,339.00,"67,800.00"
2026-02-23,538,2026022305015208,CHDC,17,39,30,"2,535.00","76,050.00"
2026-02-23,539,2026022305015207,CHDC,60,39,10,"2,535.10","25,351.00"
2026-02-23,540,2026022305015136,CHDC,17,1,50,"2,535.00","126,750.00"
2026-02-23,541,2026022305015096,CHDC,17,58,12,"2,535.00","30,420.00"
2026-02-23,542,2026022305015077,CHDC,14,34,1,"2,517.00","2,517.00"
2026-02-23,543,2026022305015063,CHDC,17,32,200,"2,535.00","507,000.00"
2026-02-23,544,2026022305014872,CHDC,34,71,49,"2,533.90","124,161.10"
2026-02-23,545,2026022305014837,CHDC,17,32,100,"2,533.00","253,300.00"
2026-02-23,546,2026022305014878,CHDC,34,58,15,"2,535.00","38,025.00"
2026-02-23,547,2026022305014877,CHDC,34,39,25,"2,535.00","63,375.00"
2026-02-23,548,2026022305014876,CHDC,34,39,15,"2,535.00","38,025.00"
2026-02-23,549,2026022305014875,CHDC,34,7,100,"2,534.90","253,490.00"
2026-02-23,550,2026022305014874,CHDC,34,1,150,"2,534.00","380,100.00"
2026-02-23,551,2026022305014873,CHDC,34,38,50,"2,534.00","126,700.00"
2026-02-23,552,2026022305014948,CHDC,63,70,100,"2,533.80","253,380.00"
2026-02-23,553,2026022305014901,CHDC,17,38,192,"2,533.00","486,336.00"
2026-02-23,554,2026022305014900,CHDC,34,38,296,"2,535.00","750,360.00"
2026-02-23,555,2026022305014884,CHDC,14,1,1,"2,515.00","2,515.00"
2026-02-23,556,2026022305014880,CHDC,34,50,"1,000","2,535.00","2,535,000.00"
2026-02-23,557,2026022305014879,CHDC,34,82,200,"2,535.00","507,000.00"
2026-02-23,558,2026022305015022,CHDC,17,38,128,"2,533.10","324,236.80"
2026-02-23,559,2026022305015021,CHDC,63,38,320,"2,535.00","811,200.00"
2026-02-23,560,2026022305015020,CHDC,60,38,10,"2,535.10","25,351.00"
2026-02-23,561,2026022305014980,CHDC,14,58,1,"2,517.00","2,517.00"
2026-02-23,562,2026022305014975,CHDC,63,29,30,"2,535.00","76,050.00"
2026-02-23,563,2026022305014949,CHDC,63,29,50,"2,533.90","126,695.00"
2026-02-23,564,2026022305015087,CIT,55,48,80,"1,741.30","139,304.00"
2026-02-23,565,2026022305015086,CIT,33,48,20,"1,741.40","34,828.00"
2026-02-23,566,2026022305015269,CKHL,39,63,30,674.20,"20,226.00"
2026-02-23,567,2026022305015161,CKHL,39,63,20,674.20,"13,484.00"
2026-02-23,568,2026022305015224,CLI,49,14,13,453.00,"5,889.00"
2026-02-23,569,2026022305015164,CLI,43,16,88,454.00,"39,952.00"
2026-02-23,570,2026022305015313,DORDI,34,49,405,268.00,"108,540.00"
2026-02-23,571,2026022305015290,DORDI,34,49,10,268.00,"2,680.00"
2026-02-23,572,2026022305015289,DORDI,34,39,100,268.00,"26,800.00"
2026-02-23,573,2026022305015288,DORDI,34,66,85,268.00,"22,780.00"
2026-02-23,574,2026022305015251,DORDI,69,59,300,267.00,"80,100.00"
2026-02-23,575,2026022305015221,DORDI,69,36,218,267.00,"58,206.00"
2026-02-23,576,2026022305015220,DORDI,45,36,242,267.00,"64,614.00"
2026-02-23,577,2026022305015163,DORDI,45,6,200,267.00,"53,400.00"
2026-02-23,578,2026022305015162,DORDI,45,6,58,267.00,"15,486.00"
2026-02-23,579,2026022305015265,EHPL,35,34,10,403.00,"4,030.00"
2026-02-23,580,2026022305015231,EHPL,29,44,881,400.30,"352,664.30"
2026-02-23,581,2026022305015230,EHPL,34,44,200,400.40,"80,080.00"
2026-02-23,582,2026022305015019,EHPL,49,44,319,404.00,"128,876.00"
2026-02-23,583,2026022305014859,ENL,17,55,200,900.00,"180,000.00"
2026-02-23,584,2026022305015228,GCIL,38,58,20,409.00,"8,180.00"
2026-02-23,585,2026022305014915,GCIL,38,49,11,409.00,"4,499.00"
2026-02-23,586,2026022305015214,GCIL,38,34,62,409.40,"25,382.80"
2026-02-23,587,2026022305015148,GCIL,38,13,23,409.00,"9,407.00"
2026-02-23,588,2026022305015334,GVL,35,49,20,479.70,"9,594.00"
2026-02-23,589,2026022305015094,GVL,6,49,15,479.70,"7,195.50"
2026-02-23,590,2026022305014971,GVL,6,48,11,479.80,"5,277.80"
2026-02-23,591,2026022305014926,GVL,22,49,30,479.90,"14,397.00"
2026-02-23,592,2026022305014925,GVL,88,49,80,479.90,"38,392.00"
2026-02-23,593,2026022305015041,GVL,38,48,130,479.80,"62,374.00"
2026-02-23,594,2026022305015180,HATHY,45,18,100,887.00,"88,700.00"
2026-02-23,595,2026022305015146,HATHY,49,49,305,885.00,"269,925.00"
2026-02-23,596,2026022305015145,HATHY,59,49,288,885.20,"254,937.60"
2026-02-23,597,2026022305015144,HATHY,49,49,130,885.30,"115,089.00"
2026-02-23,598,2026022305015143,HATHY,58,49,34,885.40,"30,103.60"
2026-02-23,599,2026022305015142,HATHY,57,49,13,885.60,"11,512.80"
2026-02-23,600,2026022305015141,HATHY,34,49,100,886.00,"88,600.00"
2026-02-23,601,2026022305014987,HATHY,42,18,10,887.00,"8,870.00"
2026-02-23,602,2026022305015333,HDL,66,6,47,"1,134.00","53,298.00"
2026-02-23,603,2026022305015325,HDL,33,6,20,"1,134.00","22,680.00"
2026-02-23,604,2026022305015287,HDL,48,6,38,"1,134.00","43,092.00"
2026-02-23,605,2026022305015286,HDL,48,57,47,"1,134.00","53,298.00"
2026-02-23,606,2026022305015252,HDL,66,57,135,"1,134.00","153,090.00"
2026-02-23,607,2026022305014841,HDL,22,49,10,"1,133.20","11,332.00"
2026-02-23,608,2026022305015017,HDL,41,36,15,"1,133.50","17,002.50"
2026-02-23,609,2026022305015192,HDL,66,57,38,"1,134.00","43,092.00"
2026-02-23,610,2026022305015191,HDL,66,49,87,"1,134.00","98,658.00"
2026-02-23,611,2026022305015190,HDL,66,26,10,"1,133.90","11,339.00"
2026-02-23,612,2026022305015277,HHL,52,41,10,326.20,"3,262.00"
2026-02-23,613,2026022305015122,HHL,58,42,200,326.50,"65,300.00"
2026-02-23,614,2026022305015045,HHL,1,42,100,326.50,"32,650.00"
2026-02-23,615,2026022305014923,HHL,42,6,939,326.50,"306,583.50"
2026-02-23,616,2026022305014903,HHL,42,61,61,326.50,"19,916.50"
2026-02-23,617,2026022305014902,HHL,10,61,100,326.50,"32,650.00"
2026-02-23,618,2026022305014858,HHL,28,58,10,326.60,"3,266.00"
2026-02-23,619,2026022305015336,HRL,35,21,21,827.00,"17,367.00"
2026-02-23,620,2026022305015311,HRL,35,4,150,827.00,"124,050.00"
2026-02-23,621,2026022305015254,HRL,35,38,200,827.00,"165,400.00"
2026-02-23,622,2026022305015222,HRL,39,4,1,827.10,827.10
2026-02-23,623,2026022305015186,HRL,35,17,30,827.00,"24,810.00"
2026-02-23,624,2026022305014916,HRL,22,56,190,826.20,"156,978.00"
2026-02-23,625,2026022305014911,HRL,22,11,290,826.20,"239,598.00"
2026-02-23,626,2026022305014910,HRL,45,11,10,826.50,"8,265.00"
2026-02-23,627,2026022305014885,HRL,58,57,110,827.00,"90,970.00"
2026-02-23,628,2026022305015116,HRL,39,41,4,827.00,"3,308.00"
2026-02-23,629,2026022305015067,HRL,34,5,10,827.50,"8,275.00"
2026-02-23,630,2026022305014984,HRL,69,52,145,826.20,"119,799.00"
2026-02-23,631,2026022305014983,HRL,22,52,20,826.20,"16,524.00"
2026-02-23,632,2026022305014979,HRL,29,39,100,827.10,"82,710.00"
2026-02-23,633,2026022305015098,ILI,41,57,10,434.00,"4,340.00"
2026-02-23,634,2026022305015040,ILI,45,55,12,434.00,"5,208.00"
2026-02-23,635,2026022305014970,ILI,42,44,128,434.80,"55,654.40"
2026-02-23,636,2026022305014969,ILI,42,38,100,434.70,"43,470.00"
2026-02-23,637,2026022305015029,MAKAR,54,56,340,534.00,"181,560.00"
2026-02-23,638,2026022305015028,MAKAR,42,56,30,534.10,"16,023.00"
2026-02-23,639,2026022305015027,MAKAR,35,56,130,534.10,"69,433.00"
2026-02-23,640,2026022305014924,MAKAR,35,47,10,534.10,"5,341.00"
2026-02-23,641,2026022305014849,MAKAR,35,41,10,534.10,"5,341.00"
2026-02-23,642,2026022305014933,MANDU,4,45,18,800.00,"14,400.00"
2026-02-23,643,2026022305015335,MBJC,60,14,250,284.00,"71,000.00"
2026-02-23,644,2026022305015275,MBJC,41,14,23,284.00,"6,532.00"
2026-02-23,645,2026022305015058,MBJC,42,41,10,284.50,"2,845.00"
2026-02-23,646,2026022305014978,MBJC,58,41,192,284.50,"54,624.00"
2026-02-23,647,2026022305014968,MBJC,58,34,218,284.50,"62,021.00"
2026-02-23,648,2026022305015324,MCHL,45,41,48,408.00,"19,584.00"
2026-02-23,649,2026022305015323,MCHL,45,58,40,408.00,"16,320.00"
2026-02-23,650,2026022305015031,MCHL,45,58,88,408.00,"35,904.00"
2026-02-23,651,2026022305015149,MEL,45,57,10,280.00,"2,800.00"
2026-02-23,652,2026022305014870,MEL,45,34,50,280.00,"14,000.00"
2026-02-23,653,2026022305015055,MEL,45,34,600,280.00,"168,000.00"
2026-02-23,654,2026022305015188,MHCL,14,58,10,347.00,"3,470.00"
2026-02-23,655,2026022305015187,MHCL,14,77,10,347.00,"3,470.00"
2026-02-23,656,2026022305014989,MHCL,4,22,60,346.10,"20,766.00"
2026-02-23,657,2026022305014988,MHCL,50,22,50,346.20,"17,310.00"
2026-02-23,658,2026022305015276,MHL,19,38,10,516.90,"5,169.00"
2026-02-23,659,2026022305015253,MHL,13,52,20,516.90,"10,338.00"
2026-02-23,660,2026022305015014,MHL,34,1,10,513.00,"5,130.00"
2026-02-23,661,2026022305014941,MHL,34,40,99,513.00,"50,787.00"
2026-02-23,662,2026022305014888,MHL,42,40,200,515.10,"103,020.00"
2026-02-23,663,2026022305014894,MHL,77,40,100,513.00,"51,300.00"
2026-02-23,664,2026022305014893,MHL,29,40,100,513.00,"51,300.00"
2026-02-23,665,2026022305014892,MHL,45,40,200,513.10,"102,620.00"
2026-02-23,666,2026022305014891,MHL,87,40,50,513.40,"25,670.00"
2026-02-23,667,2026022305014890,MHL,58,40,38,513.40,"19,509.20"
2026-02-23,668,2026022305014889,MHL,47,40,100,515.00,"51,500.00"
2026-02-23,669,2026022305015054,MKHC,53,38,30,312.00,"9,360.00"
2026-02-23,670,2026022305014977,MKHC,53,16,90,312.00,"28,080.00"
2026-02-23,671,2026022305015285,MKHL,38,65,90,770.00,"69,300.00"
2026-02-23,672,2026022305015284,MKHL,11,65,10,770.00,"7,700.00"
2026-02-23,673,2026022305015283,MKHL,41,65,20,770.00,"15,400.00"
2026-02-23,674,2026022305015282,MKHL,7,65,100,771.00,"77,100.00"
2026-02-23,675,2026022305015281,MKHL,89,65,90,774.20,"69,678.00"
2026-02-23,676,2026022305015280,MKHL,39,65,40,774.30,"30,972.00"
2026-02-23,677,2026022305015013,MKHL,10,38,10,780.00,"7,800.00"
2026-02-23,678,2026022305015249,MKJC,21,5,44,520.70,"22,910.80"
2026-02-23,679,2026022305015248,MKJC,72,5,106,520.80,"55,204.80"
2026-02-23,680,2026022305015152,MKJC,28,77,693,525.00,"363,825.00"
2026-02-23,681,2026022305015123,MKJC,48,77,320,525.00,"168,000.00"
2026-02-23,682,2026022305015051,MKJC,58,77,55,525.00,"28,875.00"
2026-02-23,683,2026022305015050,MKJC,58,48,500,525.00,"262,500.00"
2026-02-23,684,2026022305015049,MKJC,58,39,50,524.90,"26,245.00"
2026-02-23,685,2026022305015048,MKJC,58,44,10,523.00,"5,230.00"
2026-02-23,686,2026022305015015,MKJC,48,48,200,522.00,"104,400.00"
2026-02-23,687,2026022305015093,MMF1,52,41,300,9.43,"2,829.00"
2026-02-23,688,2026022305014967,NIBSF2,34,45,500,9.11,"4,555.00"
2026-02-23,689,2026022305014913,NIBSF2,51,45,"2,000",9.12,"18,240.00"
2026-02-23,690,2026022305015320,NIFRA,86,38,"1,926",257.90,"496,715.40"
2026-02-23,691,2026022305015319,NIFRA,86,49,64,257.90,"16,505.60"
2026-02-23,692,2026022305015318,NIFRA,86,79,10,257.90,"2,579.00"
2026-02-23,693,2026022305015317,NIFRA,86,78,"1,000",257.90,"257,900.00"
2026-02-23,694,2026022305015140,NIFRA,58,45,100,257.50,"25,750.00"
2026-02-23,695,2026022305015117,NIFRA,45,44,1,256.70,256.70
2026-02-23,696,2026022305014863,NIFRA,42,49,42,257.00,"10,794.00"
2026-02-23,697,2026022305014862,NIFRA,42,22,200,257.00,"51,400.00"
2026-02-23,698,2026022305014861,NIFRA,42,28,193,257.00,"49,601.00"
2026-02-23,699,2026022305014860,NIFRA,42,1,50,256.60,"12,830.00"
2026-02-23,700,2026022305014869,NIFRA,42,6,183,257.40,"47,104.20"
2026-02-23,701,2026022305014868,NIFRA,42,26,20,257.30,"5,146.00"
2026-02-23,702,2026022305014867,NIFRA,42,55,150,257.00,"38,550.00"
2026-02-23,703,2026022305014866,NIFRA,42,6,54,257.00,"13,878.00"
2026-02-23,704,2026022305014865,NIFRA,42,40,54,257.00,"13,878.00"
2026-02-23,705,2026022305014864,NIFRA,42,6,54,257.00,"13,878.00"
2026-02-23,706,2026022305015103,NIFRA,42,58,254,257.50,"65,405.00"
2026-02-23,707,2026022305015102,NIFRA,42,52,188,257.50,"48,410.00"
2026-02-23,708,2026022305015101,NIFRA,42,57,500,257.50,"128,750.00"
2026-02-23,709,2026022305014986,NIFRA,42,57,"1,000",257.50,"257,500.00"
2026-02-23,710,2026022305014947,NIFRA,42,6,317,257.40,"81,595.80"
2026-02-23,711,2026022305014946,NIFRA,42,6,54,257.00,"13,878.00"
2026-02-23,712,2026022305015060,NRIC,58,58,30,"1,218.00","36,540.00"
2026-02-23,713,2026022305014843,NRIC,42,56,2,"1,210.00","2,420.00"
2026-02-23,714,2026022305015266,NRM,55,58,50,417.00,"20,850.00"
2026-02-23,715,2026022305015062,NRM,55,42,290,417.00,"120,930.00"
2026-02-23,716,2026022305015061,NRM,50,42,10,417.00,"4,170.00"
2026-02-23,717,2026022305014850,NRN,39,58,100,"1,456.10","145,610.00"
2026-02-23,718,2026022305014917,NRN,32,6,100,"1,473.00","147,300.00"
2026-02-23,719,2026022305014857,NRN,39,1,32,"1,457.00","46,624.00"
2026-02-23,720,2026022305014853,NRN,32,58,629,"1,456.00","915,824.00"
2026-02-23,721,2026022305014852,NRN,58,58,21,"1,456.00","30,576.00"
2026-02-23,722,2026022305014851,NRN,16,58,50,"1,456.00","72,800.00"
2026-02-23,723,2026022305015039,NRN,71,19,39,"1,457.00","56,823.00"
2026-02-23,724,2026022305015038,NRN,39,19,100,"1,457.10","145,710.00"
2026-02-23,725,2026022305015037,NRN,57,19,40,"1,457.20","58,288.00"
2026-02-23,726,2026022305015036,NRN,32,19,221,"1,473.00","325,533.00"
2026-02-23,727,2026022305015018,NRN,32,45,50,"1,473.00","73,650.00"
2026-02-23,728,2026022305015046,NRN,34,6,10,"1,478.80","14,788.00"
2026-02-23,729,2026022305015246,NTC,60,58,10,855.00,"8,550.00"
2026-02-23,730,2026022305015245,NTC,60,1,170,855.00,"145,350.00"
2026-02-23,731,2026022305015244,NTC,60,41,50,855.00,"42,750.00"
2026-02-23,732,2026022305015243,NTC,60,77,464,855.00,"396,720.00"
2026-02-23,733,2026022305015206,NTC,60,58,50,852.00,"42,600.00"
2026-02-23,734,2026022305015205,NTC,60,35,50,852.00,"42,600.00"
2026-02-23,735,2026022305015024,NTC,60,51,10,849.90,"8,499.00"
2026-02-23,736,2026022305015204,NTC,60,58,10,852.00,"8,520.00"
2026-02-23,737,2026022305015203,NTC,60,8,80,852.00,"68,160.00"
2026-02-23,738,2026022305015138,NTC,60,58,31,851.00,"26,381.00"
2026-02-23,739,2026022305015137,NTC,60,58,30,851.00,"25,530.00"
2026-02-23,740,2026022305015078,NTC,60,58,80,850.00,"68,000.00"
2026-02-23,741,2026022305015025,NTC,60,42,30,849.90,"25,497.00"
2026-02-23,742,2026022305015202,NYADI,26,34,100,390.00,"39,000.00"
2026-02-23,743,2026022305015201,NYADI,52,34,100,390.00,"39,000.00"
2026-02-23,744,2026022305015200,NYADI,59,34,250,390.00,"97,500.00"
2026-02-23,745,2026022305015199,NYADI,52,34,100,390.00,"39,000.00"
2026-02-23,746,2026022305015198,NYADI,45,34,500,390.00,"195,000.00"
2026-02-23,747,2026022305015197,NYADI,1,34,30,390.00,"11,700.00"
2026-02-23,748,2026022305015196,NYADI,58,34,10,390.00,"3,900.00"
2026-02-23,749,2026022305015195,NYADI,57,34,360,390.10,"140,436.00"
2026-02-23,750,2026022305015194,NYADI,22,34,10,390.30,"3,903.00"
2026-02-23,751,2026022305015193,NYADI,53,34,70,390.30,"27,321.00"
2026-02-23,752,2026022305015315,PHCL,58,56,141,281.00,"39,621.00"
2026-02-23,753,2026022305015314,PHCL,86,56,52,281.20,"14,622.40"
2026-02-23,754,2026022305015310,PHCL,86,37,10,281.20,"2,812.00"
2026-02-23,755,2026022305015247,PHCL,58,64,100,281.50,"28,150.00"
2026-02-23,756,2026022305015223,PHCL,56,64,50,281.50,"14,075.00"
2026-02-23,757,2026022305015210,PHCL,86,95,100,281.20,"28,120.00"
2026-02-23,758,2026022305014838,PHCL,52,50,265,281.30,"74,544.50"
2026-02-23,759,2026022305015023,PHCL,58,64,10,281.50,"2,815.00"
2026-02-23,760,2026022305014982,PHCL,39,58,125,281.10,"35,137.50"
2026-02-23,761,2026022305014981,PHCL,49,58,510,281.10,"143,361.00"
2026-02-23,762,2026022305014958,PHCL,84,58,"1,000",281.20,"281,200.00"
2026-02-23,763,2026022305014957,PHCL,42,58,65,281.20,"18,278.00"
2026-02-23,764,2026022305014839,PHCL,42,50,35,281.20,"9,842.00"
2026-02-23,765,2026022305015113,PHCL,86,38,10,281.20,"2,812.00"
2026-02-23,766,2026022305015092,PHCL,58,69,35,281.00,"9,835.00"
2026-02-23,767,2026022305015091,PHCL,58,69,175,281.00,"49,175.00"
2026-02-23,768,2026022305015090,PHCL,17,69,500,281.00,"140,500.00"
2026-02-23,769,2026022305015089,PHCL,58,69,415,281.10,"116,656.50"
2026-02-23,770,2026022305015088,PHCL,39,69,375,281.10,"105,412.50"
2026-02-23,771,2026022305015184,PPL,28,50,891,379.90,"338,490.90"
2026-02-23,772,2026022305015183,PPL,28,50,360,379.90,"136,764.00"
2026-02-23,773,2026022305015182,PPL,28,49,249,376.00,"93,624.00"
2026-02-23,774,2026022305015133,PPL,28,50,190,379.90,"72,181.00"
2026-02-23,775,2026022305015132,PPL,28,49,10,378.00,"3,780.00"
2026-02-23,776,2026022305015131,PPL,28,26,100,378.00,"37,800.00"
2026-02-23,777,2026022305014921,PPL,44,4,90,374.90,"33,741.00"
2026-02-23,778,2026022305014909,PPL,44,4,25,374.90,"9,372.50"
2026-02-23,779,2026022305014899,PPL,14,4,85,375.00,"31,875.00"
2026-02-23,780,2026022305014845,PPL,55,17,85,375.00,"31,875.00"
2026-02-23,781,2026022305014939,PPL,36,84,"1,404",374.60,"525,938.40"
2026-02-23,782,2026022305014938,PPL,28,84,"2,000",374.70,"749,400.00"
2026-02-23,783,2026022305014937,PPL,65,84,500,374.80,"187,400.00"
2026-02-23,784,2026022305014936,PPL,44,84,100,374.80,"37,480.00"
2026-02-23,785,2026022305014935,PPL,49,84,986,374.80,"369,552.80"
2026-02-23,786,2026022305014934,PPL,44,84,10,374.90,"3,749.00"
2026-02-23,787,2026022305015007,PPL,42,84,730,374.10,"273,093.00"
2026-02-23,788,2026022305015006,PPL,52,84,500,374.30,"187,150.00"
2026-02-23,789,2026022305015005,PPL,57,84,100,374.40,"37,440.00"
2026-02-23,790,2026022305015004,PPL,89,84,100,374.50,"37,450.00"
2026-02-23,791,2026022305015003,PPL,55,84,50,374.60,"18,730.00"
2026-02-23,792,2026022305014950,PPL,36,50,196,374.60,"73,421.60"
2026-02-23,793,2026022305015130,PPL,28,46,550,378.00,"207,900.00"
2026-02-23,794,2026022305015129,PPL,28,58,150,377.00,"56,550.00"
2026-02-23,795,2026022305015128,PPL,28,52,"1,000",377.00,"377,000.00"
2026-02-23,796,2026022305015127,PPL,28,32,500,376.90,"188,450.00"
2026-02-23,797,2026022305015009,PPL,14,84,"4,520",374.10,"1,690,932.00"
2026-02-23,798,2026022305015008,PPL,42,84,"1,000",374.10,"374,100.00"
2026-02-23,799,2026022305015250,RFPL,38,49,30,380.00,"11,400.00"
2026-02-23,800,2026022305015241,RFPL,48,7,289,384.00,"110,976.00"
2026-02-23,801,2026022305015240,RFPL,48,42,20,384.00,"7,680.00"
2026-02-23,802,2026022305015239,RFPL,48,45,20,384.00,"7,680.00"
2026-02-23,803,2026022305015238,RFPL,48,45,10,383.80,"3,838.00"
2026-02-23,804,2026022305015237,RFPL,48,45,10,383.70,"3,837.00"
2026-02-23,805,2026022305014956,RFPL,1,45,20,379.60,"7,592.00"
2026-02-23,806,2026022305014955,RFPL,69,45,100,379.80,"37,980.00"
2026-02-23,807,2026022305014954,RFPL,71,45,50,379.80,"18,990.00"
2026-02-23,808,2026022305014943,RFPL,26,32,50,379.90,"18,995.00"
2026-02-23,809,2026022305015154,RFPL,99,66,180,381.00,"68,580.00"
2026-02-23,810,2026022305015147,RFPL,99,58,20,381.00,"7,620.00"
2026-02-23,811,2026022305015079,RFPL,36,57,100,380.50,"38,050.00"
2026-02-23,812,2026022305014992,RFPL,35,58,10,380.00,"3,800.00"
2026-02-23,813,2026022305014991,RFPL,35,45,10,380.00,"3,800.00"
2026-02-23,814,2026022305014990,RFPL,35,21,730,380.00,"277,400.00"
2026-02-23,815,2026022305015179,RFPL,38,66,20,380.00,"7,600.00"
2026-02-23,816,2026022305015178,RFPL,42,66,150,380.00,"57,000.00"
2026-02-23,817,2026022305015177,RFPL,26,66,200,380.00,"76,000.00"
2026-02-23,818,2026022305015176,RFPL,35,66,830,380.00,"315,400.00"
2026-02-23,819,2026022305015156,RFPL,35,66,920,380.00,"349,600.00"
2026-02-23,820,2026022305015155,RFPL,45,66,100,380.50,"38,050.00"
2026-02-23,821,2026022305015236,RFPL,48,45,10,383.60,"3,836.00"
2026-02-23,822,2026022305015235,RFPL,48,45,10,383.50,"3,835.00"
2026-02-23,823,2026022305015234,RFPL,48,58,54,383.00,"20,682.00"
2026-02-23,824,2026022305015233,RFPL,48,6,300,382.00,"114,600.00"
2026-02-23,825,2026022305015232,RFPL,48,65,17,380.50,"6,468.50"
2026-02-23,826,2026022305015225,RFPL,56,65,183,380.50,"69,631.50"
2026-02-23,827,2026022305015157,RHGCL,38,56,151,263.30,"39,758.30"
2026-02-23,828,2026022305015120,RHGCL,38,55,90,263.30,"23,697.00"
2026-02-23,829,2026022305015030,RHGCL,1,49,18,263.20,"4,737.60"
2026-02-23,830,2026022305014932,RHGCL,36,56,10,263.20,"2,632.00"
2026-02-23,831,2026022305014931,RHGCL,25,56,200,263.20,"52,640.00"
2026-02-23,832,2026022305015258,RNLI,32,34,12,449.40,"5,392.80"
2026-02-23,833,2026022305015257,RNLI,21,52,1,445.00,445.00
2026-02-23,834,2026022305015181,RNLI,21,35,1,445.00,445.00
2026-02-23,835,2026022305014842,RNLI,51,96,12,449.40,"5,392.80"
2026-02-23,836,2026022305015134,RNLI,32,34,12,449.40,"5,392.80"
2026-02-23,837,2026022305015057,RNLI,32,34,10,449.40,"4,494.00"
2026-02-23,838,2026022305015044,RNLI,32,45,137,449.40,"61,567.80"
2026-02-23,839,2026022305015043,RNLI,38,45,200,449.40,"89,880.00"
2026-02-23,840,2026022305015042,RNLI,51,45,63,449.40,"28,312.20"
2026-02-23,841,2026022305015271,SAHAS,58,6,13,555.30,"7,218.90"
2026-02-23,842,2026022305015270,SAHAS,58,14,10,555.30,"5,553.00"
2026-02-23,843,2026022305015215,SAHAS,96,41,10,555.20,"5,552.00"
2026-02-23,844,2026022305015053,SAHAS,75,54,107,555.00,"59,385.00"
2026-02-23,845,2026022305015052,SAHAS,75,40,834,555.00,"462,870.00"
2026-02-23,846,2026022305014928,SAHAS,57,40,60,555.00,"33,300.00"
2026-02-23,847,2026022305014927,SAHAS,41,40,106,555.00,"58,830.00"
2026-02-23,848,2026022305015272,SANVI,44,95,20,778.00,"15,560.00"
2026-02-23,849,2026022305015255,SANVI,58,95,10,778.00,"7,780.00"
2026-02-23,850,2026022305015056,SANVI,57,95,10,778.00,"7,780.00"
2026-02-23,851,2026022305015010,SANVI,39,57,10,777.00,"7,770.00"
2026-02-23,852,2026022305014907,SANVI,39,57,10,777.00,"7,770.00"
2026-02-23,853,2026022305014886,SBCF,52,58,200,9.66,"1,932.00"
2026-02-23,854,2026022305015279,SGHC,58,29,24,377.50,"9,060.00"
2026-02-23,855,2026022305015273,SGHC,1,25,40,378.00,"15,120.00"
2026-02-23,856,2026022305015218,SGHC,1,77,153,378.00,"57,834.00"
2026-02-23,857,2026022305015217,SGHC,51,77,337,378.00,"127,386.00"
2026-02-23,858,2026022305015121,SGHC,36,52,50,378.10,"18,905.00"
2026-02-23,859,2026022305015114,SGHC,56,52,89,378.10,"33,650.90"
2026-02-23,860,2026022305014914,SGHC,36,6,150,378.10,"56,715.00"
2026-02-23,861,2026022305015309,SHIVM,14,33,98,605.00,"59,290.00"
2026-02-23,862,2026022305015308,SHIVM,14,58,20,605.00,"12,100.00"
2026-02-23,863,2026022305015307,SHIVM,14,34,200,605.00,"121,000.00"
2026-02-23,864,2026022305015306,SHIVM,14,34,212,604.90,"128,238.80"
2026-02-23,865,2026022305015305,SHIVM,14,67,500,604.30,"302,150.00"
2026-02-23,866,2026022305015304,SHIVM,14,1,50,604.00,"30,200.00"
2026-02-23,867,2026022305014897,SHIVM,20,3,49,603.30,"29,561.70"
2026-02-23,868,2026022305014896,SHIVM,20,18,500,603.20,"301,600.00"
2026-02-23,869,2026022305014895,SHIVM,20,13,300,603.10,"180,930.00"
2026-02-23,870,2026022305015124,SHIVM,20,14,46,603.50,"27,761.00"
2026-02-23,871,2026022305015095,SHIVM,20,43,20,603.50,"12,070.00"
2026-02-23,872,2026022305015066,SHIVM,51,62,50,603.70,"30,185.00"
2026-02-23,873,2026022305014999,SHIVM,20,13,485,603.50,"292,697.50"
2026-02-23,874,2026022305014953,SHIVM,20,44,100,603.50,"60,350.00"
2026-02-23,875,2026022305014898,SHIVM,20,34,500,603.40,"301,700.00"
2026-02-23,876,2026022305015291,SHIVM,17,58,19,602.50,"11,447.50"
2026-02-23,877,2026022305015212,SHIVM,14,57,168,603.00,"101,304.00"
2026-02-23,878,2026022305015211,SHIVM,3,57,336,603.20,"202,675.20"
2026-02-23,879,2026022305015159,SHIVM,45,62,18,603.70,"10,866.60"
2026-02-23,880,2026022305015158,SHIVM,45,47,15,603.50,"9,052.50"
2026-02-23,881,2026022305015125,SHIVM,3,14,164,603.20,"98,924.80"
2026-02-23,882,2026022305015297,SHIVM,14,14,400,603.70,"241,480.00"
2026-02-23,883,2026022305015296,SHIVM,14,7,10,603.70,"6,037.00"
2026-02-23,884,2026022305015295,SHIVM,14,62,301,603.70,"181,713.70"
2026-02-23,885,2026022305015294,SHIVM,14,45,150,603.60,"90,540.00"
2026-02-23,886,2026022305015293,SHIVM,14,13,300,603.50,"181,050.00"
2026-02-23,887,2026022305015292,SHIVM,14,57,196,603.00,"118,188.00"
2026-02-23,888,2026022305015303,SHIVM,14,72,100,604.00,"60,400.00"
2026-02-23,889,2026022305015302,SHIVM,14,5,127,604.00,"76,708.00"
2026-02-23,890,2026022305015301,SHIVM,14,44,12,604.00,"7,248.00"
2026-02-23,891,2026022305015300,SHIVM,14,20,24,603.90,"14,493.60"
2026-02-23,892,2026022305015299,SHIVM,14,8,"2,000",603.80,"1,207,600.00"
2026-02-23,893,2026022305015298,SHIVM,14,42,300,603.80,"181,140.00"
2026-02-23,894,2026022305015278,SIKLES,21,48,26,600.00,"15,600.00"
2026-02-23,895,2026022305015227,SIKLES,21,58,10,600.00,"6,000.00"
2026-02-23,896,2026022305015119,SIKLES,21,32,50,600.00,"30,000.00"
2026-02-23,897,2026022305015065,SIKLES,21,45,14,600.00,"8,400.00"
2026-02-23,898,2026022305015064,SIKLES,58,45,120,600.00,"72,000.00"
2026-02-23,899,2026022305015169,SMATA,34,49,32,770.40,"24,652.80"
2026-02-23,900,2026022305015126,SMATA,41,49,58,770.40,"44,683.20"
2026-02-23,901,2026022305015115,SMATA,41,11,12,770.40,"9,244.80"
2026-02-23,902,2026022305014997,SMATA,41,47,30,770.40,"23,112.00"
2026-02-23,903,2026022305014996,SMATA,25,47,100,770.40,"77,040.00"
2026-02-23,904,2026022305014995,SMATA,7,47,90,770.40,"69,336.00"
2026-02-23,905,2026022305014994,SMATA,7,47,50,770.50,"38,525.00"
2026-02-23,906,2026022305014993,SMATA,44,47,20,770.50,"15,410.00"
2026-02-23,907,2026022305014848,SMATA,41,47,10,770.50,"7,705.00"
2026-02-23,908,2026022305014847,SMATA,43,47,90,770.60,"69,354.00"
2026-02-23,909,2026022305014846,SMATA,54,47,400,770.60,"308,240.00"
2026-02-23,910,2026022305015267,SMH,13,34,200,700.00,"140,000.00"
2026-02-23,911,2026022305015242,SMH,8,34,500,700.00,"350,000.00"
2026-02-23,912,2026022305015229,SMH,7,34,20,700.00,"14,000.00"
2026-02-23,913,2026022305015160,SMH,38,34,18,700.00,"12,600.00"
2026-02-23,914,2026022305015100,SMH,57,34,70,700.00,"49,000.00"
2026-02-23,915,2026022305015099,SMH,57,6,430,700.00,"301,000.00"
2026-02-23,916,2026022305015000,SMH,38,49,"1,900",700.00,"1,330,000.00"
2026-02-23,917,2026022305014972,SMH,13,34,205,700.00,"143,500.00"
2026-02-23,918,2026022305014922,SMH,25,34,10,700.00,"7,000.00"
2026-02-23,919,2026022305014912,SMH,56,34,100,700.00,"70,000.00"
2026-02-23,920,2026022305015069,SMH,35,8,15,699.90,"10,498.50"
2026-02-23,921,2026022305015068,SMH,46,8,20,699.90,"13,998.00"
2026-02-23,922,2026022305015047,SMH,45,6,450,700.00,"315,000.00"
2026-02-23,923,2026022305015012,SMH,45,6,20,700.00,"14,000.00"
2026-02-23,924,2026022305015002,SMH,38,6,100,700.00,"70,000.00"
2026-02-23,925,2026022305015001,SMH,38,88,"1,000",700.00,"700,000.00"
2026-02-23,926,2026022305015264,SMHL,81,42,225,451.10,"101,497.50"
2026-02-23,927,2026022305015263,SMHL,17,42,353,451.10,"159,238.30"
2026-02-23,928,2026022305015262,SMHL,44,42,50,451.10,"22,555.00"
2026-02-23,929,2026022305015261,SMHL,58,42,142,451.10,"64,056.20"
2026-02-23,930,2026022305015260,SMHL,43,42,25,451.20,"11,280.00"
2026-02-23,931,2026022305015226,SMHL,58,42,10,452.90,"4,529.00"
2026-02-23,932,2026022305015026,SMHL,17,45,168,452.00,"75,936.00"
2026-02-23,933,2026022305014904,SMHL,49,45,32,452.00,"14,464.00"
2026-02-23,934,2026022305015085,SMHL,58,35,58,451.10,"26,163.80"
2026-02-23,935,2026022305015084,SMHL,84,35,500,451.20,"225,600.00"
2026-02-23,936,2026022305015083,SMHL,57,35,100,451.30,"45,130.00"
2026-02-23,937,2026022305015082,SMHL,8,35,100,451.30,"45,130.00"
2026-02-23,938,2026022305015081,SMHL,34,35,100,451.30,"45,130.00"
2026-02-23,939,2026022305015080,SMHL,17,35,142,452.00,"64,184.00"
2026-02-23,940,2026022305015153,SMJC,57,89,62,480.00,"29,760.00"
2026-02-23,941,2026022305015321,SONA,56,49,10,416.90,"4,169.00"
2026-02-23,942,2026022305015118,SONA,20,50,10,416.10,"4,161.00"
2026-02-23,943,2026022305015059,SONA,20,58,10,416.10,"4,161.00"
2026-02-23,944,2026022305014952,SONA,20,58,10,416.10,"4,161.00"
2026-02-23,945,2026022305014929,SONA,20,59,10,416.10,"4,161.00"
2026-02-23,946,2026022305014887,SONA,13,60,590,417.00,"246,030.00"
2026-02-23,947,2026022305014840,SONA,35,60,140,417.00,"58,380.00"
2026-02-23,948,2026022305015332,SPC,52,48,184,477.20,"87,804.80"
2026-02-23,949,2026022305015331,SPC,34,48,200,478.00,"95,600.00"
2026-02-23,950,2026022305015330,SPC,34,48,100,478.00,"47,800.00"
2026-02-23,951,2026022305015329,SPC,7,48,20,478.00,"9,560.00"
2026-02-23,952,2026022305015328,SPC,86,48,56,478.00,"26,768.00"
2026-02-23,953,2026022305015327,SPC,44,48,40,478.10,"19,124.00"
2026-02-23,954,2026022305015274,SPC,44,10,10,478.10,"4,781.00"
2026-02-23,955,2026022305014905,SPC,86,42,100,478.00,"47,800.00"
2026-02-23,956,2026022305015209,STC,35,32,16,"5,516.00","88,256.00"
2026-02-23,957,2026022305014920,TAMOR,34,57,10,411.20,"4,112.00"
2026-02-23,958,2026022305015256,TPC,53,34,1,377.00,377.00
2026-02-23,959,2026022305015185,TPC,25,92,50,375.00,"18,750.00"
2026-02-23,960,2026022305015076,TPC,36,58,140,373.00,"52,220.00"
2026-02-23,961,2026022305015075,TPC,50,58,200,373.10,"74,620.00"
2026-02-23,962,2026022305015074,TPC,44,58,500,373.10,"186,550.00"
2026-02-23,963,2026022305015073,TPC,40,58,50,373.10,"18,655.00"
2026-02-23,964,2026022305015072,TPC,1,58,100,373.10,"37,310.00"
2026-02-23,965,2026022305015071,TPC,51,58,10,373.10,"3,731.00"
2026-02-23,966,2026022305014883,TPC,51,92,90,373.10,"33,579.00"
2026-02-23,967,2026022305014908,TSHL,34,81,20,725.00,"14,500.00"
2026-02-23,968,2026022305015175,TVCL,32,61,159,665.00,"105,735.00"
2026-02-23,969,2026022305015174,TVCL,32,16,61,665.00,"40,565.00"
2026-02-23,970,2026022305015173,TVCL,32,41,30,665.00,"19,950.00"
2026-02-23,971,2026022305015172,TVCL,32,7,20,665.00,"13,300.00"
2026-02-23,972,2026022305015171,TVCL,32,14,200,664.00,"132,800.00"
2026-02-23,973,2026022305015170,TVCL,32,41,30,664.00,"19,920.00"
2026-02-23,974,2026022305014919,TVCL,101,17,490,658.00,"322,420.00"
2026-02-23,975,2026022305014918,TVCL,101,85,500,657.00,"328,500.00"
2026-02-23,976,2026022305014871,TVCL,35,14,"1,947",653.00,"1,271,391.00"
2026-02-23,977,2026022305014854,TVCL,47,17,10,658.00,"6,580.00"
2026-02-23,978,2026022305014963,TVCL,45,55,100,662.00,"66,200.00"
2026-02-23,979,2026022305014962,TVCL,45,68,170,662.00,"112,540.00"
2026-02-23,980,2026022305014961,TVCL,45,29,19,660.90,"12,557.10"
2026-02-23,981,2026022305014960,TVCL,45,50,30,660.00,"19,800.00"
2026-02-23,982,2026022305014959,TVCL,45,40,30,659.00,"19,770.00"
2026-02-23,983,2026022305014942,TVCL,101,49,10,658.00,"6,580.00"
2026-02-23,984,2026022305015035,TVCL,45,85,469,663.00,"310,947.00"
2026-02-23,985,2026022305015034,TVCL,45,57,20,662.00,"13,240.00"
2026-02-23,986,2026022305015033,TVCL,45,48,10,657.00,"6,570.00"
2026-02-23,987,2026022305014985,TVCL,45,85,"1,000",663.00,"663,000.00"
2026-02-23,988,2026022305014965,TVCL,45,85,631,663.00,"418,353.00"
2026-02-23,989,2026022305014964,TVCL,45,34,20,662.00,"13,240.00"
2026-02-23,990,2026022305015213,UHEWA,10,58,15,551.00,"8,265.00"
2026-02-23,991,2026022305015139,UHEWA,10,45,96,551.00,"52,896.00"
2026-02-23,992,2026022305015097,UHEWA,10,60,150,551.00,"82,650.00"
2026-02-23,993,2026022305014976,UHEWA,14,49,60,553.00,"33,180.00"
2026-02-23,994,2026022305014966,UHEWA,10,47,10,551.00,"5,510.00"
2026-02-23,995,2026022305015016,ULHC,95,57,10,503.20,"5,032.00"
2026-02-23,996,2026022305015216,USHEC,14,18,90,461.90,"41,571.00"
2026-02-23,997,2026022305015165,USHEC,39,49,10,461.00,"4,610.00"
2026-02-23,998,2026022305014951,USHEC,57,34,10,461.90,"4,619.00"
2026-02-23,999,2026022305014940,USHL,34,48,11,704.00,"7,744.00"
2026-02-23,1000,2026022305014906,USHL,48,34,300,699.10,"209,730.00"
2026-02-23,1001,2026022305014834,AHL,50,38,10,505.10,"5,051.00"
2026-02-23,1002,2026022305014350,AHL,42,34,52,505.00,"26,260.00"
2026-02-23,1003,2026022305014349,AHL,45,34,98,505.00,"49,490.00"
2026-02-23,1004,2026022305014348,AHL,35,34,50,506.00,"25,300.00"
2026-02-23,1005,2026022305014751,BBC,13,58,10,"4,602.00","46,020.00"
2026-02-23,1006,2026022305014715,BBC,32,77,10,"4,683.50","46,835.00"
2026-02-23,1007,2026022305014545,BBC,39,77,17,"4,607.10","78,320.70"
2026-02-23,1008,2026022305014382,BBC,39,58,11,"4,607.10","50,678.10"
2026-02-23,1009,2026022305014356,BBC,32,77,10,"4,683.90","46,839.00"
2026-02-23,1010,2026022305014635,BEDC,3,37,200,512.50,"102,500.00"
2026-02-23,1011,2026022305014427,BEDC,3,58,10,512.50,"5,125.00"
2026-02-23,1012,2026022305014386,BEDC,3,59,10,512.50,"5,125.00"
2026-02-23,1013,2026022305014814,BHDC,48,17,54,469.90,"25,374.60"
2026-02-23,1014,2026022305014813,BHDC,48,63,476,469.00,"223,244.00"
2026-02-23,1015,2026022305014812,BHDC,48,53,460,468.90,"215,694.00"
2026-02-23,1016,2026022305014811,BHDC,48,8,10,468.80,"4,688.00"
2026-02-23,1017,2026022305014560,BHDC,49,58,13,466.10,"6,059.30"
2026-02-23,1018,2026022305014559,BHDC,42,58,183,466.20,"85,314.60"
2026-02-23,1019,2026022305014558,BHDC,17,58,18,466.50,"8,397.00"
2026-02-23,1020,2026022305014557,BHDC,21,58,100,466.60,"46,660.00"
2026-02-23,1021,2026022305014556,BHDC,1,58,151,466.80,"70,486.80"
2026-02-23,1022,2026022305014555,BHDC,7,58,200,467.00,"93,400.00"
2026-02-23,1023,2026022305014554,BHDC,19,58,35,467.10,"16,348.50"
2026-02-23,1024,2026022305014338,BHDC,19,13,65,467.10,"30,361.50"
2026-02-23,1025,2026022305014810,BHL,22,49,50,195.70,"9,785.00"
2026-02-23,1026,2026022305014617,BHL,49,53,648,195.20,"126,489.60"
2026-02-23,1027,2026022305014616,BHL,64,53,10,195.20,"1,952.00"
2026-02-23,1028,2026022305014615,BHL,45,53,100,195.30,"19,530.00"
2026-02-23,1029,2026022305014614,BHL,11,53,50,195.40,"9,770.00"
2026-02-23,1030,2026022305014613,BHL,52,53,200,195.50,"39,100.00"
2026-02-23,1031,2026022305014606,BHL,100,53,234,195.70,"45,793.80"
2026-02-23,1032,2026022305014590,BHL,49,57,20,196.00,"3,920.00"
2026-02-23,1033,2026022305014483,BHL,100,43,810,195.70,"158,517.00"
2026-02-23,1034,2026022305014612,BHL,33,53,300,195.50,"58,650.00"
2026-02-23,1035,2026022305014611,BHL,38,53,185,195.50,"36,167.50"
2026-02-23,1036,2026022305014610,BHL,56,53,23,195.50,"4,496.50"
2026-02-23,1037,2026022305014609,BHL,55,53,100,195.50,"19,550.00"
2026-02-23,1038,2026022305014608,BHL,26,53,50,195.60,"9,780.00"
2026-02-23,1039,2026022305014607,BHL,14,53,100,195.70,"19,570.00"
2026-02-23,1040,2026022305014454,BNHC,53,38,76,335.00,"25,460.00"
2026-02-23,1041,2026022305014453,BNHC,49,38,100,335.00,"33,500.00"
2026-02-23,1042,2026022305014452,BNHC,59,38,860,335.00,"288,100.00"
2026-02-23,1043,2026022305014451,BNHC,41,38,50,335.00,"16,750.00"
2026-02-23,1044,2026022305014450,BNHC,58,38,100,335.10,"33,510.00"
2026-02-23,1045,2026022305014449,BNHC,13,38,100,335.20,"33,520.00"
2026-02-23,1046,2026022305014836,CHDC,17,48,200,"2,532.90","506,580.00"
2026-02-23,1047,2026022305014791,CHDC,14,48,1,"2,515.00","2,515.00"
2026-02-23,1048,2026022305014757,CHDC,17,39,30,"2,530.10","75,903.00"
2026-02-23,1049,2026022305014744,CHDC,17,58,12,"2,530.10","30,361.20"
2026-02-23,1050,2026022305014734,CHDC,3,71,51,"2,533.90","129,228.90"
2026-02-23,1051,2026022305014733,CHDC,3,17,40,"2,533.00","101,320.00"
2026-02-23,1052,2026022305014376,CHDC,48,85,140,"2,530.00","354,200.00"
2026-02-23,1053,2026022305014372,CHDC,91,85,50,"2,530.00","126,500.00"
2026-02-23,1054,2026022305014470,CHDC,3,6,12,"2,532.00","30,384.00"
2026-02-23,1055,2026022305014469,CHDC,3,61,157,"2,532.00","397,524.00"
2026-02-23,1056,2026022305014468,CHDC,3,32,30,"2,531.00","75,930.00"
2026-02-23,1057,2026022305014457,CHDC,91,32,20,"2,531.00","50,620.00"
2026-02-23,1058,2026022305014406,CHDC,48,32,50,"2,531.00","126,550.00"
2026-02-23,1059,2026022305014385,CHDC,48,96,10,"2,530.00","25,300.00"
2026-02-23,1060,2026022305014482,CHDC,41,1,29,"2,530.00","73,370.00"
2026-02-23,1061,2026022305014480,CHDC,62,1,25,"2,530.00","63,250.00"
2026-02-23,1062,2026022305014478,CHDC,91,50,10,"2,532.00","25,320.00"
2026-02-23,1063,2026022305014473,CHDC,3,50,71,"2,532.00","179,772.00"
2026-02-23,1064,2026022305014472,CHDC,3,42,20,"2,532.00","50,640.00"
2026-02-23,1065,2026022305014471,CHDC,3,39,10,"2,532.00","25,320.00"
2026-02-23,1066,2026022305014732,CHDC,3,50,19,"2,532.00","48,108.00"
2026-02-23,1067,2026022305014731,CHDC,3,32,90,"2,531.00","227,790.00"
2026-02-23,1068,2026022305014727,CHDC,4,32,10,"2,531.00","25,310.00"
2026-02-23,1069,2026022305014645,CHDC,81,4,15,"2,530.00","37,950.00"
2026-02-23,1070,2026022305014618,CHDC,91,1,46,"2,530.00","116,380.00"
2026-02-23,1071,2026022305014542,CHDC,74,1,50,"2,530.00","126,500.00"
2026-02-23,1072,2026022305014485,CIT,77,57,50,"1,745.90","87,295.00"
2026-02-23,1073,2026022305014475,CIT,49,57,68,"1,745.90","118,721.20"
2026-02-23,1074,2026022305014456,CIT,25,36,20,"1,745.00","34,900.00"
2026-02-23,1075,2026022305014455,CIT,45,36,31,"1,745.00","54,095.00"
2026-02-23,1076,2026022305014835,CKHL,84,33,"5,000",675.00,"3,375,000.00"
2026-02-23,1077,2026022305014756,CLI,7,16,12,454.00,"5,448.00"
2026-02-23,1078,2026022305014625,CLI,7,48,50,454.00,"22,700.00"
2026-02-23,1079,2026022305014518,CLI,22,16,42,452.10,"18,988.20"
2026-02-23,1080,2026022305014484,CLI,22,49,12,452.10,"5,425.20"
2026-02-23,1081,2026022305014477,CLI,22,48,95,452.10,"42,949.50"
2026-02-23,1082,2026022305014430,CLI,22,36,13,452.10,"5,877.30"
2026-02-23,1083,2026022305014576,DOLTI,5,49,10,500.10,"5,001.00"
2026-02-23,1084,2026022305014801,DORDI,32,6,42,267.00,"11,214.00"
2026-02-23,1085,2026022305014749,DORDI,32,42,600,267.00,"160,200.00"
2026-02-23,1086,2026022305014748,DORDI,32,94,319,266.90,"85,141.10"
2026-02-23,1087,2026022305014626,DORDI,50,21,300,266.00,"79,800.00"
2026-02-23,1088,2026022305014593,DORDI,50,58,10,266.00,"2,660.00"
2026-02-23,1089,2026022305014487,DORDI,50,57,10,266.00,"2,660.00"
2026-02-23,1090,2026022305014379,DORDI,32,49,19,265.70,"5,048.30"
2026-02-23,1091,2026022305014805,EHPL,4,88,"1,000",404.00,"404,000.00"
2026-02-23,1092,2026022305014804,EHPL,48,88,374,404.00,"151,096.00"
2026-02-23,1093,2026022305014580,EHPL,48,57,100,404.00,"40,400.00"
2026-02-23,1094,2026022305014579,EHPL,48,89,10,402.00,"4,020.00"
2026-02-23,1095,2026022305014578,EHPL,48,29,16,401.00,"6,416.00"
2026-02-23,1096,2026022305014532,ENL,36,5,20,905.00,"18,100.00"
2026-02-23,1097,2026022305014531,ENL,36,88,30,905.00,"27,150.00"
2026-02-23,1098,2026022305014530,ENL,36,90,50,905.00,"45,250.00"
2026-02-23,1099,2026022305014398,GCIL,56,74,78,407.10,"31,753.80"
2026-02-23,1100,2026022305014397,GCIL,57,74,100,407.10,"40,710.00"
2026-02-23,1101,2026022305014396,GCIL,48,74,100,407.50,"40,750.00"
2026-02-23,1102,2026022305014395,GCIL,42,74,12,407.50,"4,890.00"
2026-02-23,1103,2026022305014377,GCIL,42,36,11,407.50,"4,482.50"
2026-02-23,1104,2026022305014528,GCIL,58,38,10,409.00,"4,090.00"
2026-02-23,1105,2026022305014388,GVL,88,59,20,479.90,"9,598.00"
2026-02-23,1106,2026022305014746,HATHY,58,18,46,887.10,"40,806.60"
2026-02-23,1107,2026022305014670,HATHY,49,36,14,887.80,"12,429.20"
2026-02-23,1108,2026022305014400,HATHY,58,49,27,887.10,"23,951.70"
2026-02-23,1109,2026022305014363,HATHY,58,36,27,887.10,"23,951.70"
2026-02-23,1110,2026022305014826,HDL,57,49,282,"1,134.00","319,788.00"
2026-02-23,1111,2026022305014730,HDL,57,8,88,"1,133.20","99,721.60"
2026-02-23,1112,2026022305014726,HDL,45,44,24,"1,133.00","27,192.00"
2026-02-23,1113,2026022305014725,HDL,21,44,16,"1,133.00","18,128.00"
2026-02-23,1114,2026022305014686,HDL,49,8,12,"1,133.20","13,598.40"
2026-02-23,1115,2026022305014374,HDL,26,45,40,"1,134.00","45,360.00"
2026-02-23,1116,2026022305014464,HDL,22,58,40,"1,134.90","45,396.00"
2026-02-23,1117,2026022305014463,HDL,22,62,100,"1,134.90","113,490.00"
2026-02-23,1118,2026022305014448,HDL,26,44,10,"1,134.00","11,340.00"
2026-02-23,1119,2026022305014515,HDL,58,58,50,"1,134.90","56,745.00"
2026-02-23,1120,2026022305014588,HDL,26,44,50,"1,134.00","56,700.00"
2026-02-23,1121,2026022305014390,HHL,39,90,50,326.10,"16,305.00"
2026-02-23,1122,2026022305014381,HHL,39,90,100,326.10,"32,610.00"
2026-02-23,1123,2026022305014346,HHL,39,32,79,326.10,"25,761.90"
2026-02-23,1124,2026022305014345,HHL,52,32,100,326.20,"32,620.00"
2026-02-23,1125,2026022305014344,HHL,38,32,171,327.00,"55,917.00"
2026-02-23,1126,2026022305014547,HIDCL,49,47,40,257.00,"10,280.00"
2026-02-23,1127,2026022305014546,HIDCL,49,44,70,257.00,"17,990.00"
2026-02-23,1128,2026022305014462,HIDCL,58,66,"2,050",256.10,"525,005.00"
2026-02-23,1129,2026022305014802,HRL,58,11,390,827.00,"322,530.00"
2026-02-23,1130,2026022305014789,HRL,56,74,1,826.00,826.00
2026-02-23,1131,2026022305014787,HRL,45,57,10,826.50,"8,265.00"
2026-02-23,1132,2026022305014755,HRL,45,38,10,826.50,"8,265.00"
2026-02-23,1133,2026022305014722,HRL,45,11,10,827.00,"8,270.00"
2026-02-23,1134,2026022305014417,HRL,29,35,21,827.00,"17,367.00"
2026-02-23,1135,2026022305014416,HRL,29,36,30,826.50,"24,795.00"
2026-02-23,1136,2026022305014360,HRL,81,38,21,826.00,"17,346.00"
2026-02-23,1137,2026022305014347,HRL,81,25,65,826.00,"53,690.00"
2026-02-23,1138,2026022305014423,HRL,29,51,500,828.00,"414,000.00"
2026-02-23,1139,2026022305014422,HRL,29,94,"1,500",828.00,"1,242,000.00"
2026-02-23,1140,2026022305014421,HRL,29,21,32,828.00,"26,496.00"
2026-02-23,1141,2026022305014420,HRL,29,42,388,828.00,"321,264.00"
2026-02-23,1142,2026022305014419,HRL,29,58,418,827.90,"346,062.20"
2026-02-23,1143,2026022305014418,HRL,29,37,20,827.00,"16,540.00"
2026-02-23,1144,2026022305014693,HRL,45,58,10,827.00,"8,270.00"
2026-02-23,1145,2026022305014667,HRL,45,57,10,827.00,"8,270.00"
2026-02-23,1146,2026022305014638,HRL,45,57,11,827.00,"9,097.00"
2026-02-23,1147,2026022305014426,HRL,29,56,60,828.00,"49,680.00"
2026-02-23,1148,2026022305014425,HRL,29,58,10,828.00,"8,280.00"
2026-02-23,1149,2026022305014424,HRL,29,34,21,828.00,"17,388.00"
2026-02-23,1150,2026022305014491,IHL,42,26,55,515.00,"28,325.00"
2026-02-23,1151,2026022305014444,IHL,42,74,900,515.00,"463,500.00"
2026-02-23,1152,2026022305014443,IHL,42,46,44,514.00,"22,616.00"
2026-02-23,1153,2026022305014648,ILI,49,44,56,434.80,"24,348.80"
2026-02-23,1154,2026022305014605,ILI,49,68,12,434.20,"5,210.40"
2026-02-23,1155,2026022305014466,ILI,45,38,100,434.00,"43,400.00"
2026-02-23,1156,2026022305014465,ILI,40,38,350,434.00,"151,900.00"
2026-02-23,1157,2026022305014351,ILI,40,34,12,434.00,"5,208.00"
2026-02-23,1158,2026022305014441,KDBY,49,49,100,9.91,991.00
2026-02-23,1159,2026022305014688,MAKAR,35,58,10,534.10,"5,341.00"
2026-02-23,1160,2026022305014785,MBJC,35,34,15,284.50,"4,267.50"
2026-02-23,1161,2026022305014740,MBJC,58,34,15,284.50,"4,267.50"
2026-02-23,1162,2026022305014632,MBJC,41,96,10,284.00,"2,840.00"
2026-02-23,1163,2026022305014527,MBJC,41,50,10,284.00,"2,840.00"
2026-02-23,1164,2026022305014481,MBJC,41,62,27,284.00,"7,668.00"
2026-02-23,1165,2026022305014414,MBJC,41,64,160,284.00,"45,440.00"
2026-02-23,1166,2026022305014739,MCHL,45,42,267,408.00,"108,936.00"
2026-02-23,1167,2026022305014738,MCHL,45,58,10,407.00,"4,070.00"
2026-02-23,1168,2026022305014737,MCHL,45,57,40,407.00,"16,280.00"
2026-02-23,1169,2026022305014736,MCHL,45,56,30,406.00,"12,180.00"
2026-02-23,1170,2026022305014735,MCHL,45,34,10,405.00,"4,050.00"
2026-02-23,1171,2026022305014762,MEL,45,58,40,280.00,"11,200.00"
2026-02-23,1172,2026022305014786,MHCL,55,22,25,347.00,"8,675.00"
2026-02-23,1173,2026022305014754,MHCL,7,22,90,347.00,"31,230.00"
2026-02-23,1174,2026022305014656,MHCL,7,19,10,347.00,"3,470.00"
2026-02-23,1175,2026022305014655,MHCL,5,19,200,347.00,"69,400.00"
2026-02-23,1176,2026022305014654,MHCL,62,19,230,347.00,"79,810.00"
2026-02-23,1177,2026022305014653,MHCL,58,19,60,347.10,"20,826.00"
2026-02-23,1178,2026022305014516,MHCL,6,51,20,348.00,"6,960.00"
2026-02-23,1179,2026022305014442,MHCL,38,51,10,348.00,"3,480.00"
2026-02-23,1180,2026022305014816,MHL,29,74,10,516.00,"5,160.00"
2026-02-23,1181,2026022305014815,MHL,29,58,35,516.00,"18,060.00"
2026-02-23,1182,2026022305014539,MHL,42,60,50,515.10,"25,755.00"
2026-02-23,1183,2026022305014538,MHL,58,60,10,515.10,"5,151.00"
2026-02-23,1184,2026022305014537,MHL,17,60,10,515.20,"5,152.00"
2026-02-23,1185,2026022305014404,MHL,4,58,155,516.00,"79,980.00"
2026-02-23,1186,2026022305014403,MHL,58,58,10,516.00,"5,160.00"
2026-02-23,1187,2026022305014383,MHL,58,74,10,516.00,"5,160.00"
2026-02-23,1188,2026022305014806,MKHC,41,11,100,312.10,"31,210.00"
2026-02-23,1189,2026022305014692,MKHL,10,49,10,780.00,"7,800.00"
2026-02-23,1190,2026022305014690,MKJC,6,62,500,522.10,"261,050.00"
2026-02-23,1191,2026022305014489,MKJC,6,48,"1,000",522.10,"522,100.00"
2026-02-23,1192,2026022305014644,MMF1,52,58,"10,000",9.43,"94,300.00"
2026-02-23,1193,2026022305014474,MMF1,52,13,"3,000",9.43,"28,290.00"
2026-02-23,1194,2026022305014447,MMKJL,62,36,155,555.00,"86,025.00"
2026-02-23,1195,2026022305014446,MMKJL,14,36,200,555.00,"111,000.00"
2026-02-23,1196,2026022305014445,MMKJL,14,36,345,555.10,"191,509.50"
2026-02-23,1197,2026022305014353,MMKJL,14,88,905,555.10,"502,365.50"
2026-02-23,1198,2026022305014571,MSHL,35,42,12,788.00,"9,456.00"
2026-02-23,1199,2026022305014392,NICFC,43,10,"1,300",9.16,"11,908.00"
2026-02-23,1200,2026022305014819,NIFRA,34,49,20,256.40,"5,128.00"
2026-02-23,1201,2026022305014685,NIFRA,34,54,16,256.40,"4,102.40"
2026-02-23,1202,2026022305014684,NIFRA,38,54,38,256.50,"9,747.00"
2026-02-23,1203,2026022305014623,NIFRA,38,41,10,256.50,"2,565.00"
2026-02-23,1204,2026022305014573,NIFRA,38,96,50,256.50,"12,825.00"
2026-02-23,1205,2026022305014534,NIFRA,38,58,34,256.50,"8,721.00"
2026-02-23,1206,2026022305014370,NIFRA,38,7,68,256.50,"17,442.00"
2026-02-23,1207,2026022305014790,NRIC,48,63,519,"1,218.00","632,142.00"
2026-02-23,1208,2026022305014664,NRIC,38,34,116,"1,217.50","141,230.00"
2026-02-23,1209,2026022305014663,NRIC,38,34,250,"1,217.60","304,400.00"
2026-02-23,1210,2026022305014662,NRIC,48,34,134,"1,217.90","163,198.60"
2026-02-23,1211,2026022305014526,NRIC,34,63,295,"1,218.00","359,310.00"
2026-02-23,1212,2026022305014525,NRIC,45,63,80,"1,218.00","97,440.00"
2026-02-23,1213,2026022305014524,NRIC,34,63,106,"1,218.00","129,108.00"
2026-02-23,1214,2026022305014499,NRIC,34,58,10,"1,218.00","12,180.00"
2026-02-23,1215,2026022305014479,NRIC,34,59,67,"1,218.00","81,606.00"
2026-02-23,1216,2026022305014411,NRIC,21,63,10,"1,223.00","12,230.00"
2026-02-23,1217,2026022305014399,NRIC,42,56,1,"1,210.00","1,210.00"
2026-02-23,1218,2026022305014807,NRM,6,57,100,418.00,"41,800.00"
2026-02-23,1219,2026022305014387,NRM,46,57,25,418.00,"10,450.00"
2026-02-23,1220,2026022305014743,NRN,16,1,30,"1,457.00","43,710.00"
2026-02-23,1221,2026022305014369,NRN,74,10,24,"1,468.00","35,232.00"
2026-02-23,1222,2026022305014494,NRN,32,17,160,"1,469.00","235,040.00"
2026-02-23,1223,2026022305014493,NRN,32,49,10,"1,469.00","14,690.00"
2026-02-23,1224,2026022305014415,NRN,74,41,100,"1,468.00","146,800.00"
2026-02-23,1225,2026022305014548,NRN,32,96,131,"1,470.00","192,570.00"
2026-02-23,1226,2026022305014497,NRN,32,14,120,"1,470.00","176,400.00"
2026-02-23,1227,2026022305014496,NRN,32,91,50,"1,470.00","73,500.00"
2026-02-23,1228,2026022305014495,NRN,32,98,29,"1,470.00","42,630.00"
2026-02-23,1229,2026022305014553,NRN,22,96,133,"1,458.00","193,914.00"
2026-02-23,1230,2026022305014552,NRN,39,96,100,"1,458.00","145,800.00"
2026-02-23,1231,2026022305014551,NRN,32,96,500,"1,459.00","729,500.00"
2026-02-23,1232,2026022305014550,NRN,55,96,10,"1,459.10","14,591.00"
2026-02-23,1233,2026022305014549,NRN,74,96,26,"1,468.00","38,168.00"
2026-02-23,1234,2026022305014658,NRN,36,1,100,"1,457.00","145,700.00"
2026-02-23,1235,2026022305014650,NRN,45,1,10,"1,457.00","14,570.00"
2026-02-23,1236,2026022305014649,NRN,32,1,128,"1,457.00","186,496.00"
2026-02-23,1237,2026022305014629,NRN,32,34,333,"1,457.00","485,181.00"
2026-02-23,1238,2026022305014628,NRN,39,34,100,"1,457.10","145,710.00"
2026-02-23,1239,2026022305014627,NRN,22,34,67,"1,458.00","97,686.00"
2026-02-23,1240,2026022305014514,NTC,49,57,100,847.30,"84,730.00"
2026-02-23,1241,2026022305014409,NTC,51,51,20,849.90,"16,998.00"
2026-02-23,1242,2026022305014359,NTC,60,58,82,847.20,"69,470.40"
2026-02-23,1243,2026022305014358,NTC,38,58,200,848.00,"169,600.00"
2026-02-23,1244,2026022305014357,NTC,45,58,118,848.00,"100,064.00"
2026-02-23,1245,2026022305014759,PHCL,52,58,600,281.30,"168,780.00"
2026-02-23,1246,2026022305014729,PHCL,52,42,135,281.30,"37,975.50"
2026-02-23,1247,2026022305014728,PHCL,21,42,70,281.50,"19,705.00"
2026-02-23,1248,2026022305014687,PHCL,58,58,20,281.90,"5,638.00"
2026-02-23,1249,2026022305014676,PHCL,14,58,710,281.90,"200,149.00"
2026-02-23,1250,2026022305014661,PHCL,22,51,40,282.00,"11,280.00"
2026-02-23,1251,2026022305014535,PHCL,14,58,239,282.00,"67,398.00"
2026-02-23,1252,2026022305014394,PHCL,14,33,491,282.00,"138,462.00"
2026-02-23,1253,2026022305014384,PHCL,14,42,200,282.00,"56,400.00"
2026-02-23,1254,2026022305014378,PHCL,14,69,70,282.00,"19,740.00"
2026-02-23,1255,2026022305014355,PHCL,49,69,430,282.00,"121,260.00"
2026-02-23,1256,2026022305014354,PHCL,14,69,"1,000",282.00,"282,000.00"
2026-02-23,1257,2026022305014642,PHCL,14,43,15,281.90,"4,228.50"
2026-02-23,1258,2026022305014639,PHCL,14,58,105,281.90,"29,599.50"
2026-02-23,1259,2026022305014622,PHCL,58,58,451,281.90,"127,136.90"
2026-02-23,1260,2026022305014604,PHCL,58,58,65,281.90,"18,323.50"
2026-02-23,1261,2026022305014603,PHCL,38,58,30,281.90,"8,457.00"
2026-02-23,1262,2026022305014536,PHCL,45,58,260,282.00,"73,320.00"
2026-02-23,1263,2026022305014809,PPL,91,17,300,375.00,"112,500.00"
2026-02-23,1264,2026022305014724,PPL,55,41,15,374.90,"5,623.50"
2026-02-23,1265,2026022305014689,PPL,45,17,100,375.00,"37,500.00"
2026-02-23,1266,2026022305014592,PPL,49,57,140,374.80,"52,472.00"
2026-02-23,1267,2026022305014591,PPL,34,17,100,375.00,"37,500.00"
2026-02-23,1268,2026022305014574,PPL,11,17,50,375.00,"18,750.00"
2026-02-23,1269,2026022305014501,PPL,49,16,174,374.80,"65,215.20"
2026-02-23,1270,2026022305014500,PPL,33,16,200,374.90,"74,980.00"
2026-02-23,1271,2026022305014458,PPL,55,17,15,375.00,"5,625.00"
2026-02-23,1272,2026022305014817,RFPL,44,21,270,380.00,"102,600.00"
2026-02-23,1273,2026022305014788,RFPL,44,43,300,380.00,"114,000.00"
2026-02-23,1274,2026022305014708,RFPL,44,17,430,380.00,"163,400.00"
2026-02-23,1275,2026022305014707,RFPL,49,17,10,380.00,"3,800.00"
2026-02-23,1276,2026022305014706,RFPL,16,17,50,380.00,"19,000.00"
2026-02-23,1277,2026022305014705,RFPL,58,17,20,380.00,"7,600.00"
2026-02-23,1278,2026022305014467,RFPL,35,34,400,380.50,"152,200.00"
2026-02-23,1279,2026022305014429,RFPL,57,34,100,380.50,"38,050.00"
2026-02-23,1280,2026022305014343,RFPL,48,32,20,381.00,"7,620.00"
2026-02-23,1281,2026022305014582,RFPL,4,38,10,380.10,"3,801.00"
2026-02-23,1282,2026022305014581,RFPL,96,38,166,380.10,"63,096.60"
2026-02-23,1283,2026022305014517,RFPL,36,45,10,380.50,"3,805.00"
2026-02-23,1284,2026022305014513,RFPL,4,45,250,380.50,"95,125.00"
2026-02-23,1285,2026022305014512,RFPL,35,45,100,380.50,"38,050.00"
2026-02-23,1286,2026022305014498,RFPL,35,35,500,380.50,"190,250.00"
2026-02-23,1287,2026022305014624,RFPL,58,45,140,380.00,"53,200.00"
2026-02-23,1288,2026022305014587,RFPL,58,38,59,380.00,"22,420.00"
2026-02-23,1289,2026022305014586,RFPL,90,38,20,380.00,"7,600.00"
2026-02-23,1290,2026022305014585,RFPL,43,38,245,380.00,"93,100.00"
2026-02-23,1291,2026022305014584,RFPL,57,38,100,380.00,"38,000.00"
2026-02-23,1292,2026022305014583,RFPL,47,38,150,380.00,"57,000.00"
2026-02-23,1293,2026022305014698,RFPL,38,17,100,380.00,"38,000.00"
2026-02-23,1294,2026022305014697,RFPL,4,17,10,380.00,"3,800.00"
2026-02-23,1295,2026022305014696,RFPL,4,17,50,380.00,"19,000.00"
2026-02-23,1296,2026022305014695,RFPL,49,17,100,380.00,"38,000.00"
2026-02-23,1297,2026022305014694,RFPL,58,17,126,380.00,"47,880.00"
2026-02-23,1298,2026022305014641,RFPL,58,38,200,380.00,"76,000.00"
2026-02-23,1299,2026022305014704,RFPL,19,17,153,380.00,"58,140.00"
2026-02-23,1300,2026022305014703,RFPL,56,17,50,380.00,"19,000.00"
2026-02-23,1301,2026022305014702,RFPL,16,17,55,380.00,"20,900.00"
2026-02-23,1302,2026022305014701,RFPL,42,17,300,380.00,"114,000.00"
2026-02-23,1303,2026022305014700,RFPL,49,17,23,380.00,"8,740.00"
2026-02-23,1304,2026022305014699,RFPL,49,17,23,380.00,"8,740.00"
2026-02-23,1305,2026022305014714,RHGCL,14,45,125,263.10,"32,887.50"
2026-02-23,1306,2026022305014713,RHGCL,58,45,10,263.10,"2,631.00"
2026-02-23,1307,2026022305014712,RHGCL,57,45,500,263.20,"131,600.00"
2026-02-23,1308,2026022305014711,RHGCL,19,45,265,264.00,"69,960.00"
2026-02-23,1309,2026022305014710,RHGCL,57,45,100,264.20,"26,420.00"
2026-02-23,1310,2026022305014509,RMF1,40,58,100,9.70,970.00
2026-02-23,1311,2026022305014640,RNLI,51,34,10,449.40,"4,494.00"
2026-02-23,1312,2026022305014589,RNLI,51,4,12,449.40,"5,392.80"
2026-02-23,1313,2026022305014440,RNLI,65,53,79,450.00,"35,550.00"
2026-02-23,1314,2026022305014439,RNLI,65,35,12,450.00,"5,400.00"
2026-02-23,1315,2026022305014438,RNLI,65,52,500,450.00,"225,000.00"
2026-02-23,1316,2026022305014437,RNLI,65,42,100,450.00,"45,000.00"
2026-02-23,1317,2026022305014436,RNLI,65,44,12,450.00,"5,400.00"
2026-02-23,1318,2026022305014435,RNLI,65,35,12,450.00,"5,400.00"
2026-02-23,1319,2026022305014434,RNLI,65,42,885,450.00,"398,250.00"
2026-02-23,1320,2026022305014433,RNLI,65,52,500,449.90,"224,950.00"
2026-02-23,1321,2026022305014432,RNLI,65,45,400,449.50,"179,800.00"
2026-02-23,1322,2026022305014828,SAHAS,41,34,200,555.00,"111,000.00"
2026-02-23,1323,2026022305014827,SAHAS,41,43,194,555.00,"107,670.00"
2026-02-23,1324,2026022305014768,SAHAS,21,43,30,555.00,"16,650.00"
2026-02-23,1325,2026022305014767,SAHAS,5,43,20,555.00,"11,100.00"
2026-02-23,1326,2026022305014766,SAHAS,58,43,320,555.00,"177,600.00"
2026-02-23,1327,2026022305014765,SAHAS,75,43,436,555.00,"241,980.00"
2026-02-23,1328,2026022305014342,SAHAS,22,42,50,554.00,"27,700.00"
2026-02-23,1329,2026022305014341,SAHAS,41,42,45,554.00,"24,930.00"
2026-02-23,1330,2026022305014522,SAHAS,14,6,130,555.00,"72,150.00"
2026-02-23,1331,2026022305014521,SAHAS,14,19,70,555.00,"38,850.00"
2026-02-23,1332,2026022305014520,SAHAS,14,13,80,554.90,"44,392.00"
2026-02-23,1333,2026022305014519,SAHAS,14,54,121,554.80,"67,130.80"
2026-02-23,1334,2026022305014428,SAHAS,58,38,50,554.00,"27,700.00"
2026-02-23,1335,2026022305014391,SAHAS,57,38,50,554.00,"27,700.00"
2026-02-23,1336,2026022305014563,SAHAS,75,11,16,555.00,"8,880.00"
2026-02-23,1337,2026022305014562,SAHAS,75,52,41,555.00,"22,755.00"
2026-02-23,1338,2026022305014561,SAHAS,75,43,401,555.00,"222,555.00"
2026-02-23,1339,2026022305014544,SAHAS,21,57,135,554.00,"74,790.00"
2026-02-23,1340,2026022305014543,SAHAS,58,57,75,554.00,"41,550.00"
2026-02-23,1341,2026022305014523,SAHAS,14,43,599,555.00,"332,445.00"
2026-02-23,1342,2026022305014569,SAHAS,75,56,200,555.00,"111,000.00"
2026-02-23,1343,2026022305014568,SAHAS,75,57,500,555.00,"277,500.00"
2026-02-23,1344,2026022305014567,SAHAS,75,21,100,555.00,"55,500.00"
2026-02-23,1345,2026022305014566,SAHAS,75,8,500,555.00,"277,500.00"
2026-02-23,1346,2026022305014565,SAHAS,75,57,121,555.00,"67,155.00"
2026-02-23,1347,2026022305014564,SAHAS,75,1,315,555.00,"174,825.00"
2026-02-23,1348,2026022305014761,SAHAS,75,49,12,555.00,"6,660.00"
2026-02-23,1349,2026022305014602,SAHAS,75,75,369,555.00,"204,795.00"
2026-02-23,1350,2026022305014596,SAHAS,75,25,101,555.00,"56,055.00"
2026-02-23,1351,2026022305014595,SAHAS,75,42,25,555.00,"13,875.00"
2026-02-23,1352,2026022305014575,SAHAS,75,5,50,555.00,"27,750.00"
2026-02-23,1353,2026022305014570,SAHAS,75,16,13,555.00,"7,215.00"
2026-02-23,1354,2026022305014620,SANVI,58,56,10,776.00,"7,760.00"
2026-02-23,1355,2026022305014490,SANVI,45,45,200,776.00,"155,200.00"
2026-02-23,1356,2026022305014413,SANVI,45,45,482,775.20,"373,646.40"
2026-02-23,1357,2026022305014412,SANVI,19,45,18,775.30,"13,955.40"
2026-02-23,1358,2026022305014373,SANVI,14,49,10,775.40,"7,754.00"
2026-02-23,1359,2026022305014371,SANVI,14,40,10,775.40,"7,754.00"
2026-02-23,1360,2026022305014361,SANVI,58,11,10,778.00,"7,780.00"
2026-02-23,1361,2026022305014808,SGHC,21,6,240,378.10,"90,744.00"
2026-02-23,1362,2026022305014745,SGHC,21,1,10,378.10,"3,781.00"
2026-02-23,1363,2026022305014666,SGHC,21,75,200,378.10,"75,620.00"
2026-02-23,1364,2026022305014337,SGHC,21,39,50,378.10,"18,905.00"
2026-02-23,1365,2026022305014781,SHIVM,14,58,10,603.00,"6,030.00"
2026-02-23,1366,2026022305014780,SHIVM,14,41,500,603.00,"301,500.00"
2026-02-23,1367,2026022305014779,SHIVM,14,72,102,603.00,"61,506.00"
2026-02-23,1368,2026022305014778,SHIVM,14,57,100,603.00,"60,300.00"
2026-02-23,1369,2026022305014777,SHIVM,14,58,235,603.00,"141,705.00"
2026-02-23,1370,2026022305014776,SHIVM,14,34,11,603.00,"6,633.00"
2026-02-23,1371,2026022305014352,SHIVM,75,45,500,602.00,"301,000.00"
2026-02-23,1372,2026022305014511,SHIVM,45,43,80,602.50,"48,200.00"
2026-02-23,1373,2026022305014510,SHIVM,75,43,20,602.50,"12,050.00"
2026-02-23,1374,2026022305014476,SHIVM,75,13,230,602.50,"138,575.00"
2026-02-23,1375,2026022305014407,SHIVM,75,32,750,602.50,"451,875.00"
2026-02-23,1376,2026022305014401,SHIVM,39,32,250,602.50,"150,625.00"
2026-02-23,1377,2026022305014389,SHIVM,75,41,32,602.00,"19,264.00"
2026-02-23,1378,2026022305014769,SHIVM,14,13,30,602.70,"18,081.00"
2026-02-23,1379,2026022305014634,SHIVM,45,14,23,602.50,"13,857.50"
2026-02-23,1380,2026022305014601,SHIVM,45,58,16,602.50,"9,640.00"
2026-02-23,1381,2026022305014598,SHIVM,45,36,48,602.50,"28,920.00"
2026-02-23,1382,2026022305014597,SHIVM,58,48,7,601.00,"4,207.00"
2026-02-23,1383,2026022305014572,SHIVM,22,13,80,602.60,"48,208.00"
2026-02-23,1384,2026022305014775,SHIVM,14,22,50,603.00,"30,150.00"
2026-02-23,1385,2026022305014774,SHIVM,14,58,132,603.00,"79,596.00"
2026-02-23,1386,2026022305014773,SHIVM,14,13,300,602.90,"180,870.00"
2026-02-23,1387,2026022305014772,SHIVM,14,14,200,602.80,"120,560.00"
2026-02-23,1388,2026022305014771,SHIVM,14,51,100,602.80,"60,280.00"
2026-02-23,1389,2026022305014770,SHIVM,14,59,62,602.70,"37,367.40"
2026-02-23,1390,2026022305014825,SIKLES,14,65,542,603.90,"327,313.80"
2026-02-23,1391,2026022305014824,SIKLES,14,1,500,603.80,"301,900.00"
2026-02-23,1392,2026022305014823,SIKLES,14,45,10,603.00,"6,030.00"
2026-02-23,1393,2026022305014822,SIKLES,14,65,248,603.00,"149,544.00"
2026-02-23,1394,2026022305014821,SIKLES,14,45,500,602.00,"301,000.00"
2026-02-23,1395,2026022305014820,SIKLES,14,19,200,601.00,"120,200.00"
2026-02-23,1396,2026022305014763,SIKLES,48,49,20,593.10,"11,862.00"
2026-02-23,1397,2026022305014669,SIKLES,48,38,10,593.10,"5,931.00"
2026-02-23,1398,2026022305014800,SIKLES,58,59,190,600.00,"114,000.00"
2026-02-23,1399,2026022305014799,SIKLES,58,46,10,600.00,"6,000.00"
2026-02-23,1400,2026022305014798,SIKLES,58,60,20,600.00,"12,000.00"
2026-02-23,1401,2026022305014797,SIKLES,58,17,50,600.00,"30,000.00"
2026-02-23,1402,2026022305014796,SIKLES,58,54,10,600.00,"6,000.00"
2026-02-23,1403,2026022305014795,SIKLES,58,42,100,599.00,"59,900.00"
2026-02-23,1404,2026022305014742,SMATA,54,26,100,770.60,"77,060.00"
2026-02-23,1405,2026022305014741,SMATA,21,26,100,770.70,"77,070.00"
2026-02-23,1406,2026022305014402,SMATA,58,49,40,772.00,"30,880.00"
2026-02-23,1407,2026022305014818,SMH,21,34,100,700.00,"70,000.00"
2026-02-23,1408,2026022305014764,SMH,58,34,25,700.00,"17,500.00"
2026-02-23,1409,2026022305014758,SMH,6,34,20,700.00,"14,000.00"
2026-02-23,1410,2026022305014652,SMH,13,47,10,699.90,"6,999.00"
2026-02-23,1411,2026022305014651,SMH,13,42,285,699.90,"199,471.50"
2026-02-23,1412,2026022305014633,SMH,58,42,30,699.90,"20,997.00"
2026-02-23,1413,2026022305014492,SMH,47,42,150,699.90,"104,985.00"
2026-02-23,1414,2026022305014794,SMHL,49,65,31,452.00,"14,012.00"
2026-02-23,1415,2026022305014793,SMHL,49,36,27,451.10,"12,179.70"
2026-02-23,1416,2026022305014792,SMHL,45,36,50,451.10,"22,555.00"
2026-02-23,1417,2026022305014750,SMHL,49,36,423,451.10,"190,815.30"
2026-02-23,1418,2026022305014683,SMHL,49,48,"1,577",451.10,"711,384.70"
2026-02-23,1419,2026022305014682,SMHL,11,48,57,452.00,"25,764.00"
2026-02-23,1420,2026022305014503,SMHL,50,99,100,452.50,"45,250.00"
2026-02-23,1421,2026022305014502,SMHL,34,99,30,452.50,"13,575.00"
2026-02-23,1422,2026022305014431,SMHL,58,42,20,453.90,"9,078.00"
2026-02-23,1423,2026022305014529,SMHL,14,42,100,453.90,"45,390.00"
2026-02-23,1424,2026022305014508,SMHL,39,99,160,452.10,"72,336.00"
2026-02-23,1425,2026022305014507,SMHL,58,99,20,452.20,"9,044.00"
2026-02-23,1426,2026022305014506,SMHL,19,99,75,452.20,"33,915.00"
2026-02-23,1427,2026022305014505,SMHL,54,99,415,452.20,"187,663.00"
2026-02-23,1428,2026022305014504,SMHL,8,99,200,452.30,"90,460.00"
2026-02-23,1429,2026022305014646,SMHL,39,58,716,452.10,"323,703.60"
2026-02-23,1430,2026022305014643,SMHL,26,42,50,453.90,"22,695.00"
2026-02-23,1431,2026022305014637,SMHL,39,14,62,452.10,"28,030.20"
2026-02-23,1432,2026022305014636,SMHL,84,14,500,452.20,"226,100.00"
2026-02-23,1433,2026022305014600,SMHL,39,14,62,452.10,"28,030.20"
2026-02-23,1434,2026022305014599,SMHL,84,14,500,452.20,"226,100.00"
2026-02-23,1435,2026022305014681,SMHL,44,48,50,452.00,"22,600.00"
2026-02-23,1436,2026022305014680,SMHL,3,48,75,452.00,"33,900.00"
2026-02-23,1437,2026022305014679,SMHL,49,48,100,452.00,"45,200.00"
2026-02-23,1438,2026022305014678,SMHL,35,48,100,452.00,"45,200.00"
2026-02-23,1439,2026022305014677,SMHL,8,48,41,452.00,"18,532.00"
2026-02-23,1440,2026022305014647,SMHL,8,58,459,452.00,"207,468.00"
2026-02-23,1441,2026022305014541,SMJC,17,11,10,480.00,"4,800.00"
2026-02-23,1442,2026022305014760,SONA,35,49,10,416.90,"4,169.00"
2026-02-23,1443,2026022305014675,SONA,22,60,960,417.00,"400,320.00"
2026-02-23,1444,2026022305014674,SONA,22,35,10,417.00,"4,170.00"
2026-02-23,1445,2026022305014673,SONA,22,47,10,417.00,"4,170.00"
2026-02-23,1446,2026022305014672,SONA,22,68,10,417.00,"4,170.00"
2026-02-23,1447,2026022305014671,SONA,22,59,10,417.00,"4,170.00"
2026-02-23,1448,2026022305014657,SONA,35,49,10,416.90,"4,169.00"
2026-02-23,1449,2026022305014621,SONA,35,8,10,416.90,"4,169.00"
2026-02-23,1450,2026022305014594,SONA,35,58,10,416.90,"4,169.00"
2026-02-23,1451,2026022305014577,SONA,35,58,10,416.90,"4,169.00"
2026-02-23,1452,2026022305014408,SONA,35,49,10,416.90,"4,169.00"
2026-02-23,1453,2026022305014393,SONA,41,25,10,416.00,"4,160.00"
2026-02-23,1454,2026022305014630,SPC,86,14,10,478.00,"4,780.00"
2026-02-23,1455,2026022305014368,SPC,86,10,20,478.00,"9,560.00"
2026-02-23,1456,2026022305014362,SPC,86,42,190,478.00,"90,820.00"
2026-02-23,1457,2026022305014803,SPHL,44,47,50,533.00,"26,650.00"
2026-02-23,1458,2026022305014753,TAMOR,34,11,30,411.00,"12,330.00"
2026-02-23,1459,2026022305014752,TAMOR,54,11,10,411.00,"4,110.00"
2026-02-23,1460,2026022305014691,TAMOR,54,50,10,411.00,"4,110.00"
2026-02-23,1461,2026022305014461,TAMOR,54,58,30,411.00,"12,330.00"
2026-02-23,1462,2026022305014460,TAMOR,5,58,20,411.00,"8,220.00"
2026-02-23,1463,2026022305014459,TAMOR,81,58,40,411.30,"16,452.00"
2026-02-23,1464,2026022305014405,TAMOR,81,58,"1,200",411.30,"493,560.00"
2026-02-23,1465,2026022305014367,TAMOR,81,58,760,411.30,"312,588.00"
2026-02-23,1466,2026022305014366,TAMOR,57,58,100,411.50,"41,150.00"
2026-02-23,1467,2026022305014365,TAMOR,34,58,10,411.50,"4,115.00"
2026-02-23,1468,2026022305014364,TAMOR,38,58,241,411.50,"99,171.50"
2026-02-23,1469,2026022305014747,TPC,36,81,500,373.00,"186,500.00"
2026-02-23,1470,2026022305014721,TPC,36,96,"1,328",373.00,"495,344.00"
2026-02-23,1471,2026022305014720,TPC,32,96,500,373.10,"186,550.00"
2026-02-23,1472,2026022305014719,TPC,40,96,50,373.10,"18,655.00"
2026-02-23,1473,2026022305014718,TPC,14,96,50,373.10,"18,655.00"
2026-02-23,1474,2026022305014717,TPC,55,96,60,373.20,"22,392.00"
2026-02-23,1475,2026022305014380,TPC,17,92,30,375.00,"11,250.00"
2026-02-23,1476,2026022305014340,TPC,36,13,566,373.00,"211,118.00"
2026-02-23,1477,2026022305014339,TPC,58,13,15,373.50,"5,602.50"
2026-02-23,1478,2026022305014716,TPC,36,96,12,373.20,"4,478.40"
2026-02-23,1479,2026022305014540,TPC,32,65,100,373.10,"37,310.00"
2026-02-23,1480,2026022305014486,TPC,32,58,250,373.10,"93,275.00"
2026-02-23,1481,2026022305014723,TSHL,42,81,376,725.00,"272,600.00"
2026-02-23,1482,2026022305014668,TSHL,42,42,30,725.00,"21,750.00"
2026-02-23,1483,2026022305014833,TVCL,35,17,314,653.00,"205,042.00"
2026-02-23,1484,2026022305014832,TVCL,28,17,"1,000",653.10,"653,100.00"
2026-02-23,1485,2026022305014831,TVCL,28,17,356,653.20,"232,539.20"
2026-02-23,1486,2026022305014830,TVCL,49,17,80,654.00,"52,320.00"
2026-02-23,1487,2026022305014829,TVCL,35,17,517,654.00,"338,118.00"
2026-02-23,1488,2026022305014784,TVCL,35,32,720,654.00,"470,880.00"
2026-02-23,1489,2026022305014783,TVCL,48,32,250,654.10,"163,525.00"
2026-02-23,1490,2026022305014782,TVCL,68,32,30,655.10,"19,653.00"
2026-02-23,1491,2026022305014619,TVCL,35,96,"1,030",654.00,"673,620.00"
2026-02-23,1492,2026022305014488,TVCL,68,36,20,653.50,"13,070.00"
2026-02-23,1493,2026022305014375,TVCL,101,17,140,660.00,"92,400.00"
2026-02-23,1494,2026022305014660,ULHC,95,48,260,503.20,"130,832.00"
2026-02-23,1495,2026022305014659,ULHC,58,48,40,503.30,"20,132.00"
2026-02-23,1496,2026022305014533,ULHC,58,36,10,503.30,"5,033.00"
2026-02-23,1497,2026022305014709,USHEC,14,18,10,462.90,"4,629.00"
2026-02-23,1498,2026022305014631,USHL,38,48,20,704.00,"14,080.00"
2026-02-23,1499,2026022305014410,USHL,48,39,10,705.00,"7,050.00"
2026-02-23,1500,2026022305014665,VLUCL,17,45,50,556.00,"27,800.00"
2026-02-23,1501,2026022305014184,BBC,58,58,10,"4,607.00","46,070.00"
2026-02-23,1502,2026022305014035,BBC,74,58,10,"4,620.00","46,200.00"
2026-02-23,1503,2026022305013939,BEDC,19,37,58,516.00,"29,928.00"
2026-02-23,1504,2026022305014007,BHDC,1,66,49,466.80,"22,873.20"
2026-02-23,1505,2026022305014006,BHDC,7,66,21,467.00,"9,807.00"
2026-02-23,1506,2026022305014247,BHL,100,42,30,195.70,"5,871.00"
2026-02-23,1507,2026022305014201,BHL,57,57,150,196.00,"29,400.00"
2026-02-23,1508,2026022305014149,BHL,18,57,729,196.00,"142,884.00"
2026-02-23,1509,2026022305014148,BHL,18,49,561,196.00,"109,956.00"
2026-02-23,1510,2026022305014147,BHL,18,58,500,196.00,"98,000.00"
2026-02-23,1511,2026022305014146,BHL,18,51,100,196.00,"19,600.00"
2026-02-23,1512,2026022305014145,BHL,18,48,100,196.00,"19,600.00"
