date,sn,contract_no,stock_symbol,buyer,seller,quantity,rate,amount
2026-02-25,1,2026022505013951,AHL,29,57,60,500.00,"30,000.00"
2026-02-25,2,2026022505013858,AHL,29,42,200,500.00,"100,000.00"
2026-02-25,3,2026022505013761,AHL,29,59,80,500.00,"40,000.00"
2026-02-25,4,2026022505013760,AHL,58,59,20,500.10,"10,002.00"
2026-02-25,5,2026022505013676,AHL,89,57,100,501.00,"50,100.00"
2026-02-25,6,2026022505013694,BBC,17,48,10,"4,607.20","46,072.00"
2026-02-25,7,2026022505013693,BBC,29,48,10,"4,610.00","46,100.00"
2026-02-25,8,2026022505013586,BBC,32,43,10,"4,659.70","46,597.00"
2026-02-25,9,2026022505013968,BEDC,44,36,10,510.00,"5,100.00"
2026-02-25,10,2026022505013886,BEDC,44,25,20,510.00,"10,200.00"
2026-02-25,11,2026022505013578,BEDC,29,90,50,509.20,"25,460.00"
2026-02-25,12,2026022505013821,BEDC,44,1,20,510.00,"10,200.00"
2026-02-25,13,2026022505013820,BEDC,44,37,42,510.00,"21,420.00"
2026-02-25,14,2026022505013660,BEDC,44,37,100,510.00,"51,000.00"
2026-02-25,15,2026022505013922,BHDC,45,42,200,470.70,"94,140.00"
2026-02-25,16,2026022505013921,BHDC,58,42,10,470.70,"4,707.00"
2026-02-25,17,2026022505013920,BHDC,22,42,20,470.70,"9,414.00"
2026-02-25,18,2026022505013894,BHDC,58,49,250,471.00,"117,750.00"
2026-02-25,19,2026022505013835,BHDC,39,49,100,471.00,"47,100.00"
2026-02-25,20,2026022505013806,BHDC,41,49,200,471.00,"94,200.00"
2026-02-25,21,2026022505013583,BHDC,39,43,150,471.90,"70,785.00"
2026-02-25,22,2026022505013805,BHDC,21,49,16,471.00,"7,536.00"
2026-02-25,23,2026022505013801,BHDC,42,45,954,472.00,"450,288.00"
2026-02-25,24,2026022505013800,BHDC,42,14,46,472.00,"21,712.00"
2026-02-25,25,2026022505013733,BHDC,21,17,100,471.00,"47,100.00"
2026-02-25,26,2026022505013691,BHDC,39,19,80,471.10,"37,688.00"
2026-02-25,27,2026022505013601,BHDC,80,19,20,471.10,"9,422.00"
2026-02-25,28,2026022505013769,BHL,4,35,100,197.80,"19,780.00"
2026-02-25,29,2026022505013963,BHPL,34,5,10,554.90,"5,549.00"
2026-02-25,30,2026022505013737,BHPL,34,5,35,554.90,"19,421.50"
2026-02-25,31,2026022505013719,BHPL,57,5,85,554.90,"47,166.50"
2026-02-25,32,2026022505013718,BHPL,57,36,90,554.90,"49,941.00"
2026-02-25,33,2026022505013717,BHPL,57,35,25,554.80,"13,870.00"
2026-02-25,34,2026022505013967,BNHC,58,39,390,334.10,"130,299.00"
2026-02-25,35,2026022505013966,BNHC,7,39,200,335.00,"67,000.00"
2026-02-25,36,2026022505013787,BNHC,58,14,1,330.00,330.00
2026-02-25,37,2026022505013723,BNHC,64,57,510,335.50,"171,105.00"
2026-02-25,38,2026022505014053,CHDC,50,49,10,"2,506.50","25,065.00"
2026-02-25,39,2026022505014046,CHDC,62,49,10,"2,506.50","25,065.00"
2026-02-25,40,2026022505013969,CHDC,46,52,10,"2,506.00","25,060.00"
2026-02-25,41,2026022505013758,CHDC,42,77,206,"2,491.20","513,187.20"
2026-02-25,42,2026022505013662,CHDC,42,58,100,"2,491.20","249,120.00"
2026-02-25,43,2026022505013599,CHDC,42,38,650,"2,491.20","1,619,280.00"
2026-02-25,44,2026022505013592,CHDC,39,38,40,"2,492.00","99,680.00"
2026-02-25,45,2026022505013591,CHDC,60,38,10,"2,492.10","24,921.00"
2026-02-25,46,2026022505013598,CHDC,42,38,100,"2,491.20","249,120.00"
2026-02-25,47,2026022505013597,CHDC,17,38,50,"2,491.20","124,560.00"
2026-02-25,48,2026022505013596,CHDC,32,38,50,"2,491.30","124,565.00"
2026-02-25,49,2026022505013595,CHDC,75,38,10,"2,491.30","24,913.00"
2026-02-25,50,2026022505013594,CHDC,39,38,40,"2,491.40","99,656.00"
2026-02-25,51,2026022505013593,CHDC,58,38,50,"2,491.50","124,575.00"
2026-02-25,52,2026022505013917,CIT,7,29,65,"1,755.00","114,075.00"
2026-02-25,53,2026022505013715,CIT,1,29,110,"1,755.00","193,050.00"
2026-02-25,54,2026022505013714,CIT,1,38,90,"1,754.90","157,941.00"
2026-02-25,55,2026022505013943,CLI,29,35,10,471.00,"4,710.00"
2026-02-25,56,2026022505013866,CLI,29,35,10,471.80,"4,718.00"
2026-02-25,57,2026022505013798,CLI,29,35,10,471.80,"4,718.00"
2026-02-25,58,2026022505013736,CLI,42,28,13,469.10,"6,098.30"
2026-02-25,59,2026022505014065,DOLTI,58,26,100,509.00,"50,900.00"
2026-02-25,60,2026022505013936,DORDI,38,49,20,274.00,"5,480.00"
2026-02-25,61,2026022505013744,DORDI,45,33,280,273.00,"76,440.00"
2026-02-25,62,2026022505013590,DORDI,45,41,50,273.00,"13,650.00"
2026-02-25,63,2026022505013743,DORDI,58,33,20,274.00,"5,480.00"
2026-02-25,64,2026022505013960,EHPL,44,38,400,407.10,"162,840.00"
2026-02-25,65,2026022505013959,EHPL,72,38,500,407.10,"203,550.00"
2026-02-25,66,2026022505013958,EHPL,36,38,20,407.10,"8,142.00"
2026-02-25,67,2026022505013957,EHPL,25,38,10,408.00,"4,080.00"
2026-02-25,68,2026022505013956,EHPL,14,38,67,408.00,"27,336.00"
2026-02-25,69,2026022505013757,EHPL,14,45,253,408.00,"103,224.00"
2026-02-25,70,2026022505013756,EHPL,14,17,180,407.90,"73,422.00"
2026-02-25,71,2026022505014067,ENL,55,42,11,910.00,"10,010.00"
2026-02-25,72,2026022505014059,GCIL,58,7,15,411.50,"6,172.50"
2026-02-25,73,2026022505013577,GCIL,40,26,36,411.40,"14,810.40"
2026-02-25,74,2026022505013724,GCIL,17,26,79,411.40,"32,500.60"
2026-02-25,75,2026022505013851,GVL,100,6,"1,000",485.00,"485,000.00"
2026-02-25,76,2026022505013850,GVL,100,42,30,485.00,"14,550.00"
2026-02-25,77,2026022505013849,GVL,100,14,373,485.00,"180,905.00"
2026-02-25,78,2026022505013848,GVL,100,51,90,484.90,"43,641.00"
2026-02-25,79,2026022505013767,GVL,26,51,100,484.90,"48,490.00"
2026-02-25,80,2026022505013915,HATHY,43,14,30,902.00,"27,060.00"
2026-02-25,81,2026022505013832,HATHY,38,14,20,902.00,"18,040.00"
2026-02-25,82,2026022505013763,HDL,16,8,48,"1,138.50","54,648.00"
2026-02-25,83,2026022505013762,HDL,16,16,52,"1,138.50","59,202.00"
2026-02-25,84,2026022505013712,HDL,59,28,15,"1,138.00","17,070.00"
2026-02-25,85,2026022505013690,HDL,29,16,60,"1,138.50","68,310.00"
2026-02-25,86,2026022505013794,HDL,59,90,11,"1,138.00","12,518.00"
2026-02-25,87,2026022505013931,HDL,4,8,400,"1,138.00","455,200.00"
2026-02-25,88,2026022505013930,HDL,39,8,15,"1,138.00","17,070.00"
2026-02-25,89,2026022505013916,HDL,39,98,100,"1,138.00","113,800.00"
2026-02-25,90,2026022505013871,HHL,36,34,500,334.80,"167,400.00"
2026-02-25,91,2026022505013856,HHL,41,58,10,334.00,"3,340.00"
2026-02-25,92,2026022505013730,HHL,41,43,15,334.00,"5,010.00"
2026-02-25,93,2026022505013729,HHL,41,89,30,334.00,"10,020.00"
2026-02-25,94,2026022505013728,HHL,41,34,10,334.00,"3,340.00"
2026-02-25,95,2026022505013727,HHL,41,39,880,332.50,"292,600.00"
2026-02-25,96,2026022505014047,HIDCL,62,26,10,259.20,"2,592.00"
2026-02-25,97,2026022505013955,HIDCL,52,26,10,259.20,"2,592.00"
2026-02-25,98,2026022505013818,HIDCL,38,11,1,258.10,258.10
2026-02-25,99,2026022505013810,HIDCL,29,49,567,258.20,"146,399.40"
2026-02-25,100,2026022505013765,HIDCL,29,29,"1,000",258.20,"258,200.00"
2026-02-25,101,2026022505013656,HIDCL,29,58,13,258.20,"3,356.60"
2026-02-25,102,2026022505013946,HRL,58,42,10,837.00,"8,370.00"
2026-02-25,103,2026022505013893,HRL,58,55,32,837.00,"26,784.00"
2026-02-25,104,2026022505013881,HRL,58,39,21,837.00,"17,577.00"
2026-02-25,105,2026022505013573,HRL,17,90,30,838.00,"25,140.00"
2026-02-25,106,2026022505013572,HRL,17,26,21,838.00,"17,598.00"
2026-02-25,107,2026022505013571,HRL,17,51,10,838.00,"8,380.00"
2026-02-25,108,2026022505013570,HRL,17,38,56,838.00,"46,928.00"
2026-02-25,109,2026022505013569,HRL,17,28,10,837.90,"8,379.00"
2026-02-25,110,2026022505013764,HRL,51,51,10,837.00,"8,370.00"
2026-02-25,111,2026022505013680,HRL,51,13,10,837.00,"8,370.00"
2026-02-25,112,2026022505013679,HRL,17,13,212,838.00,"177,656.00"
2026-02-25,113,2026022505013576,HRL,17,34,100,838.00,"83,800.00"
2026-02-25,114,2026022505013575,HRL,17,59,40,838.00,"33,520.00"
2026-02-25,115,2026022505013574,HRL,17,26,21,838.00,"17,598.00"
2026-02-25,116,2026022505013863,HRL,58,43,150,837.00,"125,550.00"
2026-02-25,117,2026022505013838,HRL,58,49,25,836.60,"20,915.00"
2026-02-25,118,2026022505013837,HRL,57,49,70,837.10,"58,597.00"
2026-02-25,119,2026022505013829,HRL,57,43,130,837.00,"108,810.00"
2026-02-25,120,2026022505013825,HRL,57,43,200,837.00,"167,400.00"
2026-02-25,121,2026022505013824,HRL,51,43,20,837.00,"16,740.00"
2026-02-25,122,2026022505013885,IHL,64,58,10,515.00,"5,150.00"
2026-02-25,123,2026022505013768,IHL,64,10,10,513.00,"5,130.00"
2026-02-25,124,2026022505013742,IHL,20,65,20,510.00,"10,200.00"
2026-02-25,125,2026022505013741,IHL,29,65,20,510.50,"10,210.00"
2026-02-25,126,2026022505013740,IHL,42,65,10,511.00,"5,110.00"
2026-02-25,127,2026022505013898,ILI,42,13,47,442.70,"20,806.90"
2026-02-25,128,2026022505013897,ILI,42,14,18,442.70,"7,968.60"
2026-02-25,129,2026022505013896,ILI,42,36,235,442.70,"104,034.50"
2026-02-25,130,2026022505013857,ILI,49,62,10,442.50,"4,425.00"
2026-02-25,131,2026022505013782,ILI,34,36,10,442.70,"4,427.00"
2026-02-25,132,2026022505013734,ILI,49,49,12,442.50,"5,310.00"
2026-02-25,133,2026022505013655,LUK,43,58,"1,000",9.77,"9,770.00"
2026-02-25,134,2026022505013870,MANDU,34,42,200,810.00,"162,000.00"
2026-02-25,135,2026022505014063,MBJC,38,39,10,290.00,"2,900.00"
2026-02-25,136,2026022505013752,MBJC,52,42,50,288.00,"14,400.00"
2026-02-25,137,2026022505013795,MCHL,34,50,10,411.80,"4,118.00"
2026-02-25,138,2026022505014049,MEHL,42,1,10,435.00,"4,350.00"
2026-02-25,139,2026022505013975,MEHL,74,1,20,435.00,"8,700.00"
2026-02-25,140,2026022505013780,MEHL,49,42,10,433.20,"4,332.00"
2026-02-25,141,2026022505013772,MEHL,74,1,10,435.00,"4,350.00"
2026-02-25,142,2026022505013771,MEHL,74,42,10,435.00,"4,350.00"
2026-02-25,143,2026022505013671,MEHL,49,58,10,433.20,"4,332.00"
2026-02-25,144,2026022505014061,MEL,35,38,10,280.00,"2,800.00"
2026-02-25,145,2026022505013948,MEL,53,32,30,280.90,"8,427.00"
2026-02-25,146,2026022505013947,MEL,53,59,10,280.00,"2,800.00"
2026-02-25,147,2026022505013860,MHCL,20,45,50,337.40,"16,870.00"
2026-02-25,148,2026022505013859,MHCL,52,45,10,337.50,"3,375.00"
2026-02-25,149,2026022505013965,MHL,13,58,227,519.00,"117,813.00"
2026-02-25,150,2026022505013875,MHL,16,58,200,519.10,"103,820.00"
2026-02-25,151,2026022505013796,MHL,29,58,10,520.00,"5,200.00"
2026-02-25,152,2026022505013774,MHL,38,58,10,520.00,"5,200.00"
2026-02-25,153,2026022505013773,MHL,21,58,113,520.00,"58,760.00"
2026-02-25,154,2026022505014055,MKHC,92,54,10,317.00,"3,170.00"
2026-02-25,155,2026022505014054,MKHC,92,8,10,317.00,"3,170.00"
2026-02-25,156,2026022505013991,MKHL,92,62,170,790.00,"134,300.00"
2026-02-25,157,2026022505013990,MKHL,92,54,40,785.00,"31,400.00"
2026-02-25,158,2026022505013989,MKHL,92,58,10,780.50,"7,805.00"
2026-02-25,159,2026022505013988,MKHL,92,58,10,780.20,"7,802.00"
2026-02-25,160,2026022505013987,MKHL,92,35,50,780.00,"39,000.00"
2026-02-25,161,2026022505013986,MKHL,92,22,40,780.00,"31,200.00"
2026-02-25,162,2026022505013979,MKHL,92,48,10,770.00,"7,700.00"
2026-02-25,163,2026022505013978,MKHL,92,42,10,768.00,"7,680.00"
2026-02-25,164,2026022505013977,MKHL,92,51,50,767.00,"38,350.00"
2026-02-25,165,2026022505013976,MKHL,92,92,10,766.00,"7,660.00"
2026-02-25,166,2026022505013985,MKHL,92,42,10,775.10,"7,751.00"
2026-02-25,167,2026022505013984,MKHL,92,35,50,775.00,"38,750.00"
2026-02-25,168,2026022505013983,MKHL,92,56,10,775.00,"7,750.00"
2026-02-25,169,2026022505013982,MKHL,92,29,10,771.00,"7,710.00"
2026-02-25,170,2026022505013981,MKHL,92,36,10,770.80,"7,708.00"
2026-02-25,171,2026022505013980,MKHL,92,35,10,770.00,"7,700.00"
2026-02-25,172,2026022505014066,MKJC,56,91,700,525.00,"367,500.00"
2026-02-25,173,2026022505013954,MKJC,21,91,615,524.60,"322,629.00"
2026-02-25,174,2026022505013953,MKJC,49,91,40,524.70,"20,988.00"
2026-02-25,175,2026022505013952,MKJC,62,91,195,524.70,"102,316.50"
2026-02-25,176,2026022505013634,MKJC,52,91,300,525.60,"157,680.00"
2026-02-25,177,2026022505013633,MKJC,29,91,300,525.70,"157,710.00"
2026-02-25,178,2026022505013636,MKJC,14,91,100,525.00,"52,500.00"
2026-02-25,179,2026022505013635,MKJC,34,91,50,525.00,"26,250.00"
2026-02-25,180,2026022505013895,NBF3,17,19,"2,600",9.50,"24,700.00"
2026-02-25,181,2026022505013678,NICFC,7,36,100,9.20,920.00
2026-02-25,182,2026022505013918,NIFRA,22,38,86,260.00,"22,360.00"
2026-02-25,183,2026022505013911,NIFRA,48,16,505,260.20,"131,401.00"
2026-02-25,184,2026022505013910,NIFRA,48,41,54,260.20,"14,050.80"
2026-02-25,185,2026022505013909,NIFRA,48,16,451,260.10,"117,305.10"
2026-02-25,186,2026022505013877,NIFRA,22,8,64,260.00,"16,640.00"
2026-02-25,187,2026022505013785,NIFRA,58,13,186,259.10,"48,192.60"
2026-02-25,188,2026022505013784,NIFRA,57,13,57,259.50,"14,791.50"
2026-02-25,189,2026022505013783,NIFRA,58,13,200,260.00,"52,000.00"
2026-02-25,190,2026022505014052,NRIC,53,58,50,"1,227.00","61,350.00"
2026-02-25,191,2026022505013900,NRIC,25,83,10,"1,228.00","12,280.00"
2026-02-25,192,2026022505013899,NRIC,21,83,200,"1,228.00","245,600.00"
2026-02-25,193,2026022505013887,NRIC,21,57,200,"1,229.50","245,900.00"
2026-02-25,194,2026022505013725,NRIC,57,83,200,"1,228.00","245,600.00"
2026-02-25,195,2026022505013650,NRIC,80,83,200,"1,228.00","245,600.00"
2026-02-25,196,2026022505013589,NRIC,21,83,400,"1,228.00","491,200.00"
2026-02-25,197,2026022505013935,NRM,42,59,188,418.00,"78,584.00"
2026-02-25,198,2026022505013934,NRM,34,59,50,418.00,"20,900.00"
2026-02-25,199,2026022505013933,NRM,49,59,190,418.00,"79,420.00"
2026-02-25,200,2026022505013932,NRM,90,59,30,418.10,"12,543.00"
2026-02-25,201,2026022505013809,NRM,90,35,10,418.10,"4,181.00"
2026-02-25,202,2026022505013789,NRM,90,34,10,418.10,"4,181.00"
2026-02-25,203,2026022505014048,NRN,38,94,40,"1,528.00","61,120.00"
2026-02-25,204,2026022505014045,NRN,58,94,205,"1,528.00","313,240.00"
2026-02-25,205,2026022505014044,NRN,58,65,54,"1,527.90","82,506.60"
2026-02-25,206,2026022505014043,NRN,58,16,100,"1,527.00","152,700.00"
2026-02-25,207,2026022505014042,NRN,58,17,150,"1,526.90","229,035.00"
2026-02-25,208,2026022505013652,NRN,92,58,50,"1,522.10","76,105.00"
2026-02-25,209,2026022505013651,NRN,101,58,100,"1,522.20","152,220.00"
2026-02-25,210,2026022505013657,NRN,92,48,50,"1,522.10","76,105.00"
2026-02-25,211,2026022505013912,NRN,22,38,10,"1,521.00","15,210.00"
2026-02-25,212,2026022505013901,NRN,39,10,31,"1,521.00","47,151.00"
2026-02-25,213,2026022505013793,NRN,39,101,469,"1,521.00","713,349.00"
2026-02-25,214,2026022505013792,NRN,39,101,345,"1,522.00","525,090.00"
2026-02-25,215,2026022505013791,NRN,92,101,186,"1,522.10","283,110.60"
2026-02-25,216,2026022505014035,NRN,58,28,50,"1,524.00","76,200.00"
2026-02-25,217,2026022505014034,NRN,58,10,11,"1,522.00","16,742.00"
2026-02-25,218,2026022505013914,NRN,22,38,20,"1,521.00","30,420.00"
2026-02-25,219,2026022505014041,NRN,58,52,11,"1,526.00","16,786.00"
2026-02-25,220,2026022505014040,NRN,58,32,20,"1,526.00","30,520.00"
2026-02-25,221,2026022505014039,NRN,58,3,70,"1,525.00","106,750.00"
2026-02-25,222,2026022505014038,NRN,58,101,200,"1,525.00","305,000.00"
2026-02-25,223,2026022505014037,NRN,58,50,100,"1,524.90","152,490.00"
2026-02-25,224,2026022505014036,NRN,58,36,29,"1,524.90","44,222.10"
2026-02-25,225,2026022505013937,PHCL,54,91,39,285.50,"11,134.50"
2026-02-25,226,2026022505013839,PHCL,54,49,10,285.50,"2,855.00"
2026-02-25,227,2026022505013814,PHCL,14,91,20,286.00,"5,720.00"
2026-02-25,228,2026022505013770,PHCL,35,91,346,286.00,"98,956.00"
2026-02-25,229,2026022505013711,PHCL,17,77,467,285.20,"133,188.40"
2026-02-25,230,2026022505013710,PHCL,53,77,300,285.20,"85,560.00"
2026-02-25,231,2026022505013697,PHCL,47,77,500,285.80,"142,900.00"
2026-02-25,232,2026022505013696,PHCL,38,77,833,285.80,"238,071.40"
2026-02-25,233,2026022505013695,PHCL,42,77,10,285.90,"2,859.00"
2026-02-25,234,2026022505013668,PHCL,42,17,90,285.90,"25,731.00"
2026-02-25,235,2026022505013703,PHCL,19,77,100,285.60,"28,560.00"
2026-02-25,236,2026022505013702,PHCL,55,77,30,285.60,"8,568.00"
2026-02-25,237,2026022505013701,PHCL,16,77,500,285.60,"142,800.00"
2026-02-25,238,2026022505013700,PHCL,41,77,200,285.60,"57,120.00"
2026-02-25,239,2026022505013699,PHCL,58,77,20,285.70,"5,714.00"
2026-02-25,240,2026022505013698,PHCL,56,77,125,285.80,"35,725.00"
2026-02-25,241,2026022505013709,PHCL,42,77,500,285.30,"142,650.00"
2026-02-25,242,2026022505013708,PHCL,51,77,185,285.30,"52,780.50"
2026-02-25,243,2026022505013707,PHCL,36,77,500,285.40,"142,700.00"
2026-02-25,244,2026022505013706,PHCL,48,77,500,285.50,"142,750.00"
2026-02-25,245,2026022505013705,PHCL,14,77,200,285.50,"57,100.00"
2026-02-25,246,2026022505013704,PHCL,19,77,30,285.50,"8,565.00"
2026-02-25,247,2026022505014060,PPL,44,19,10,377.00,"3,770.00"
2026-02-25,248,2026022505013992,PPL,58,50,100,376.20,"37,620.00"
2026-02-25,249,2026022505013862,PPL,64,45,100,376.10,"37,610.00"
2026-02-25,250,2026022505013816,PPL,90,6,140,378.00,"52,920.00"
2026-02-25,251,2026022505013815,PPL,90,19,360,378.00,"136,080.00"
2026-02-25,252,2026022505013803,PPL,62,42,1,380.00,380.00
2026-02-25,253,2026022505014050,RFPL,42,91,10,393.50,"3,935.00"
2026-02-25,254,2026022505013840,RFPL,50,44,500,392.00,"196,000.00"
2026-02-25,255,2026022505013667,RFPL,50,17,125,392.00,"49,000.00"
2026-02-25,256,2026022505013666,RFPL,34,17,125,393.00,"49,125.00"
2026-02-25,257,2026022505013642,RFPL,34,25,360,393.00,"141,480.00"
2026-02-25,258,2026022505013641,RFPL,34,57,15,393.00,"5,895.00"
2026-02-25,259,2026022505014033,RHGCL,42,45,30,271.00,"8,130.00"
2026-02-25,260,2026022505013929,RHGCL,42,45,10,271.00,"2,710.00"
2026-02-25,261,2026022505013879,RHGCL,42,35,636,271.00,"172,356.00"
2026-02-25,262,2026022505013874,RHGCL,42,39,104,271.00,"28,184.00"
2026-02-25,263,2026022505013873,RHGCL,16,39,370,271.00,"100,270.00"
2026-02-25,264,2026022505013872,RHGCL,19,39,26,271.10,"7,048.60"
2026-02-25,265,2026022505013817,RHGCL,91,47,3,271.90,815.70
2026-02-25,266,2026022505013720,RHGCL,19,45,100,271.10,"27,110.00"
2026-02-25,267,2026022505013640,RHGCL,19,62,274,271.10,"74,281.40"
2026-02-25,268,2026022505013639,RHGCL,58,62,250,271.10,"67,775.00"
2026-02-25,269,2026022505013638,RHGCL,85,62,26,271.90,"7,069.40"
2026-02-25,270,2026022505013585,RHGCL,91,47,3,272.00,816.00
2026-02-25,271,2026022505013861,RMF1,58,58,"2,200",9.62,"21,164.00"
2026-02-25,272,2026022505013928,RNLI,34,53,89,468.00,"41,652.00"
2026-02-25,273,2026022505013927,RNLI,34,57,49,468.00,"22,932.00"
2026-02-25,274,2026022505013926,RNLI,34,44,12,468.00,"5,616.00"
2026-02-25,275,2026022505013925,RNLI,34,33,50,467.90,"23,395.00"
2026-02-25,276,2026022505013766,RNLI,34,44,167,468.00,"78,156.00"
2026-02-25,277,2026022505013692,RNLI,34,55,12,468.00,"5,616.00"
2026-02-25,278,2026022505013582,RNLI,47,19,67,468.70,"31,402.90"
2026-02-25,279,2026022505013924,SAHAS,45,19,200,562.70,"112,540.00"
2026-02-25,280,2026022505013891,SAHAS,44,52,38,562.50,"21,375.00"
2026-02-25,281,2026022505013890,SAHAS,14,52,462,562.50,"259,875.00"
2026-02-25,282,2026022505013884,SAHAS,14,49,10,562.50,"5,625.00"
2026-02-25,283,2026022505013855,SAHAS,14,19,10,562.50,"5,625.00"
2026-02-25,284,2026022505013852,SAHAS,14,42,200,562.50,"112,500.00"
2026-02-25,285,2026022505013778,SAHAS,14,25,200,562.50,"112,500.00"
2026-02-25,286,2026022505013777,SAHAS,14,36,17,562.00,"9,554.00"
2026-02-25,287,2026022505013776,SAHAS,14,45,101,562.00,"56,762.00"
2026-02-25,288,2026022505013581,SAHAS,61,45,58,562.00,"32,596.00"
2026-02-25,289,2026022505013580,SAHAS,6,45,50,562.00,"28,100.00"
2026-02-25,290,2026022505013579,SAHAS,58,45,15,562.00,"8,430.00"
2026-02-25,291,2026022505013949,SANVI,48,57,90,804.00,"72,360.00"
2026-02-25,292,2026022505013923,SANVI,91,57,10,805.00,"8,050.00"
2026-02-25,293,2026022505013869,SANVI,58,58,10,815.00,"8,150.00"
2026-02-25,294,2026022505013868,SANVI,58,45,10,810.00,"8,100.00"
2026-02-25,295,2026022505013670,SANVI,58,62,10,819.90,"8,199.00"
2026-02-25,296,2026022505013669,SANVI,58,57,10,815.00,"8,150.00"
2026-02-25,297,2026022505013643,SANVI,48,45,20,810.00,"16,200.00"
2026-02-25,298,2026022505013649,SANVI,48,45,120,804.00,"96,480.00"
2026-02-25,299,2026022505013648,SANVI,52,45,20,805.00,"16,100.00"
2026-02-25,300,2026022505013647,SANVI,32,45,40,805.00,"32,200.00"
2026-02-25,301,2026022505013646,SANVI,80,45,100,807.00,"80,700.00"
2026-02-25,302,2026022505013645,SANVI,1,45,150,807.00,"121,050.00"
2026-02-25,303,2026022505013644,SANVI,37,45,50,807.10,"40,355.00"
2026-02-25,304,2026022505013804,SFMF,48,14,500,10.26,"5,130.00"
2026-02-25,305,2026022505013944,SGHC,58,34,10,400.00,"4,000.00"
2026-02-25,306,2026022505013883,SGHC,58,38,10,400.00,"4,000.00"
2026-02-25,307,2026022505013882,SGHC,58,63,220,399.50,"87,890.00"
2026-02-25,308,2026022505013847,SGHC,58,63,130,399.50,"51,935.00"
2026-02-25,309,2026022505013846,SGHC,58,39,10,398.00,"3,980.00"
2026-02-25,310,2026022505013845,SGHC,58,35,10,398.00,"3,980.00"
2026-02-25,311,2026022505013812,SGHC,46,91,500,395.00,"197,500.00"
2026-02-25,312,2026022505013811,SGHC,52,91,200,395.00,"79,000.00"
2026-02-25,313,2026022505013844,SGHC,58,8,10,398.00,"3,980.00"
2026-02-25,314,2026022505013843,SGHC,58,53,70,397.90,"27,853.00"
2026-02-25,315,2026022505013842,SGHC,58,36,70,396.90,"27,783.00"
2026-02-25,316,2026022505013841,SGHC,58,91,200,395.00,"79,000.00"
2026-02-25,317,2026022505013819,SGHC,58,91,80,395.00,"31,600.00"
2026-02-25,318,2026022505013813,SGHC,6,91,20,395.00,"7,900.00"
2026-02-25,319,2026022505014032,SHIVM,48,56,340,617.00,"209,780.00"
2026-02-25,320,2026022505014031,SHIVM,48,45,60,616.00,"36,960.00"
2026-02-25,321,2026022505014030,SHIVM,48,34,100,616.00,"61,600.00"
2026-02-25,322,2026022505014029,SHIVM,48,33,"1,000",616.00,"616,000.00"
2026-02-25,323,2026022505014028,SHIVM,48,35,"1,000",616.00,"616,000.00"
2026-02-25,324,2026022505014027,SHIVM,48,94,"1,000",615.00,"615,000.00"
2026-02-25,325,2026022505013587,SHIVM,55,45,30,611.50,"18,345.00"
2026-02-25,326,2026022505013665,SHIVM,56,61,100,612.00,"61,200.00"
2026-02-25,327,2026022505013664,SHIVM,56,52,10,612.00,"6,120.00"
2026-02-25,328,2026022505013663,SHIVM,56,45,400,612.00,"244,800.00"
2026-02-25,329,2026022505013637,SHIVM,56,49,15,611.40,"9,171.00"
2026-02-25,330,2026022505013600,SHIVM,56,38,30,611.40,"18,342.00"
2026-02-25,331,2026022505013588,SHIVM,56,45,570,611.40,"348,498.00"
2026-02-25,332,2026022505013880,SHIVM,56,42,134,612.00,"82,008.00"
2026-02-25,333,2026022505013822,SHIVM,56,26,113,612.00,"69,156.00"
2026-02-25,334,2026022505013799,SHIVM,17,52,10,612.40,"6,124.00"
2026-02-25,335,2026022505013788,SHIVM,56,38,350,612.00,"214,200.00"
2026-02-25,336,2026022505013759,SHIVM,56,58,"1,030",612.00,"630,360.00"
2026-02-25,337,2026022505013735,SHIVM,58,52,30,612.40,"18,372.00"
2026-02-25,338,2026022505013996,SHIVM,48,14,12,612.50,"7,350.00"
2026-02-25,339,2026022505013995,SHIVM,48,38,100,612.50,"61,250.00"
2026-02-25,340,2026022505013994,SHIVM,48,52,160,612.40,"97,984.00"
2026-02-25,341,2026022505013993,SHIVM,48,42,536,612.00,"328,032.00"
2026-02-25,342,2026022505013972,SHIVM,56,42,80,612.00,"48,960.00"
2026-02-25,343,2026022505013892,SHIVM,26,42,50,612.00,"30,600.00"
2026-02-25,344,2026022505014002,SHIVM,48,51,"1,000",613.80,"613,800.00"
2026-02-25,345,2026022505014001,SHIVM,48,48,150,613.50,"92,025.00"
2026-02-25,346,2026022505014000,SHIVM,48,1,85,613.00,"52,105.00"
2026-02-25,347,2026022505013999,SHIVM,48,48,525,613.00,"321,825.00"
2026-02-25,348,2026022505013998,SHIVM,48,3,51,612.90,"31,257.90"
2026-02-25,349,2026022505013997,SHIVM,48,22,19,612.50,"11,637.50"
2026-02-25,350,2026022505014008,SHIVM,48,6,500,614.40,"307,200.00"
2026-02-25,351,2026022505014007,SHIVM,48,13,60,614.00,"36,840.00"
2026-02-25,352,2026022505014006,SHIVM,48,49,63,614.00,"38,682.00"
2026-02-25,353,2026022505014005,SHIVM,48,44,300,614.00,"184,200.00"
2026-02-25,354,2026022505014004,SHIVM,48,4,300,613.90,"184,170.00"
2026-02-25,355,2026022505014003,SHIVM,48,14,"2,000",613.90,"1,227,800.00"
2026-02-25,356,2026022505014014,SHIVM,48,41,100,615.00,"61,500.00"
2026-02-25,357,2026022505014013,SHIVM,48,57,989,614.90,"608,136.10"
2026-02-25,358,2026022505014012,SHIVM,48,44,300,614.80,"184,440.00"
2026-02-25,359,2026022505014011,SHIVM,48,45,20,614.80,"12,296.00"
2026-02-25,360,2026022505014010,SHIVM,48,48,100,614.50,"61,450.00"
2026-02-25,361,2026022505014009,SHIVM,48,67,68,614.50,"41,786.00"
2026-02-25,362,2026022505014020,SHIVM,48,35,10,615.00,"6,150.00"
2026-02-25,363,2026022505014019,SHIVM,48,52,200,615.00,"123,000.00"
2026-02-25,364,2026022505014018,SHIVM,48,65,13,615.00,"7,995.00"
2026-02-25,365,2026022505014017,SHIVM,48,5,165,615.00,"101,475.00"
2026-02-25,366,2026022505014016,SHIVM,48,58,10,615.00,"6,150.00"
2026-02-25,367,2026022505014015,SHIVM,48,4,13,615.00,"7,995.00"
2026-02-25,368,2026022505014026,SHIVM,48,45,101,615.00,"62,115.00"
2026-02-25,369,2026022505014025,SHIVM,48,41,200,615.00,"123,000.00"
2026-02-25,370,2026022505014024,SHIVM,48,45,300,615.00,"184,500.00"
2026-02-25,371,2026022505014023,SHIVM,48,33,50,615.00,"30,750.00"
2026-02-25,372,2026022505014022,SHIVM,48,35,300,615.00,"184,500.00"
2026-02-25,373,2026022505014021,SHIVM,48,35,700,615.00,"430,500.00"
2026-02-25,374,2026022505013658,SIKLES,42,49,50,600.50,"30,025.00"
2026-02-25,375,2026022505014062,SMATA,17,34,53,778.50,"41,260.50"
2026-02-25,376,2026022505013781,SMATA,58,58,11,778.50,"8,563.50"
2026-02-25,377,2026022505013779,SMATA,17,39,10,776.10,"7,761.00"
2026-02-25,378,2026022505013568,SMATA,17,50,30,776.10,"23,283.00"
2026-02-25,379,2026022505013961,SMH,58,54,20,646.00,"12,920.00"
2026-02-25,380,2026022505013906,SMH,57,55,55,645.30,"35,491.50"
2026-02-25,381,2026022505013905,SMH,89,55,35,645.30,"22,585.50"
2026-02-25,382,2026022505013902,SMH,89,40,100,645.30,"64,530.00"
2026-02-25,383,2026022505013753,SMH,48,40,200,645.20,"129,040.00"
2026-02-25,384,2026022505013689,SMH,50,40,21,645.00,"13,545.00"
2026-02-25,385,2026022505013688,SMH,40,40,100,645.00,"64,500.00"
2026-02-25,386,2026022505013687,SMH,49,40,79,645.00,"50,955.00"
2026-02-25,387,2026022505014064,SMHL,53,53,10,463.40,"4,634.00"
2026-02-25,388,2026022505013971,SMHL,34,28,104,463.00,"48,152.00"
2026-02-25,389,2026022505013970,SMHL,54,28,96,463.00,"44,448.00"
2026-02-25,390,2026022505013876,SMHL,54,38,14,463.00,"6,482.00"
2026-02-25,391,2026022505013836,SMHL,40,38,10,463.00,"4,630.00"
2026-02-25,392,2026022505013827,SMHL,48,43,"1,010",462.60,"467,226.00"
2026-02-25,393,2026022505013826,SMHL,34,43,300,462.80,"138,840.00"
2026-02-25,394,2026022505013808,SMHL,94,38,91,463.00,"42,133.00"
2026-02-25,395,2026022505013807,SMHL,52,38,15,463.00,"6,945.00"
2026-02-25,396,2026022505013802,SMHL,56,54,60,463.50,"27,810.00"
2026-02-25,397,2026022505013726,SMHL,52,29,20,463.00,"9,260.00"
2026-02-25,398,2026022505013677,SMHL,74,58,20,463.00,"9,260.00"
2026-02-25,399,2026022505013790,SMJC,34,26,10,470.00,"4,700.00"
2026-02-25,400,2026022505013755,SMJC,34,6,85,470.00,"39,950.00"
2026-02-25,401,2026022505013754,SMJC,5,6,315,470.00,"148,050.00"
2026-02-25,402,2026022505013654,SMJC,5,49,10,470.00,"4,700.00"
2026-02-25,403,2026022505013945,SONA,22,22,10,422.00,"4,220.00"
2026-02-25,404,2026022505013942,SONA,22,13,78,422.00,"32,916.00"
2026-02-25,405,2026022505013941,SONA,42,13,100,422.00,"42,200.00"
2026-02-25,406,2026022505013940,SONA,57,13,10,422.00,"4,220.00"
2026-02-25,407,2026022505013939,SONA,49,13,312,422.00,"131,664.00"
2026-02-25,408,2026022505013938,SONA,49,49,10,422.00,"4,220.00"
2026-02-25,409,2026022505013919,SONA,49,42,10,422.00,"4,220.00"
2026-02-25,410,2026022505013962,SPC,41,4,10,493.00,"4,930.00"
2026-02-25,411,2026022505013913,SPC,41,22,100,490.00,"49,000.00"
2026-02-25,412,2026022505014058,SPL,92,101,10,743.80,"7,438.00"
2026-02-25,413,2026022505014057,SPL,92,14,50,742.00,"37,100.00"
2026-02-25,414,2026022505014056,SPL,92,34,10,740.00,"7,400.00"
2026-02-25,415,2026022505013775,SPL,50,69,10,726.00,"7,260.00"
2026-02-25,416,2026022505013681,SPL,29,21,73,729.00,"53,217.00"
2026-02-25,417,2026022505013686,SPL,50,21,141,726.00,"102,366.00"
2026-02-25,418,2026022505013685,SPL,47,21,30,726.10,"21,783.00"
2026-02-25,419,2026022505013684,SPL,7,21,50,727.00,"36,350.00"
2026-02-25,420,2026022505013683,SPL,47,21,10,727.10,"7,271.00"
2026-02-25,421,2026022505013682,SPL,52,21,16,728.00,"11,648.00"
2026-02-25,422,2026022505013659,STC,14,42,4,"5,800.00","23,200.00"
2026-02-25,423,2026022505013865,TAMOR,58,6,10,414.00,"4,140.00"
2026-02-25,424,2026022505013854,TAMOR,58,41,201,414.00,"83,214.00"
2026-02-25,425,2026022505013853,TAMOR,52,41,10,414.10,"4,141.00"
2026-02-25,426,2026022505013830,TAMOR,52,50,100,414.10,"41,410.00"
2026-02-25,427,2026022505013823,TAMOR,52,38,10,414.10,"4,141.00"
2026-02-25,428,2026022505013731,TPC,1,57,956,383.00,"366,148.00"
2026-02-25,429,2026022505013584,TPC,49,57,440,383.00,"168,520.00"
2026-02-25,430,2026022505013713,TPC,21,57,100,383.00,"38,300.00"
2026-02-25,431,2026022505013675,TPC,1,49,"2,477",382.70,"947,947.90"
2026-02-25,432,2026022505013674,TPC,14,49,446,382.70,"170,684.20"
2026-02-25,433,2026022505013673,TPC,71,49,200,382.80,"76,560.00"
2026-02-25,434,2026022505013672,TPC,74,49,210,382.90,"80,409.00"
2026-02-25,435,2026022505013653,TPC,22,57,150,383.00,"57,450.00"
2026-02-25,436,2026022505013739,TSHL,34,95,10,720.00,"7,200.00"
2026-02-25,437,2026022505013738,TSHL,34,57,10,718.00,"7,180.00"
2026-02-25,438,2026022505014051,TVCL,34,33,10,657.00,"6,570.00"
2026-02-25,439,2026022505013974,TVCL,69,60,250,650.30,"162,575.00"
2026-02-25,440,2026022505013973,TVCL,69,34,100,650.30,"65,030.00"
2026-02-25,441,2026022505013950,TVCL,32,33,10,657.00,"6,570.00"
2026-02-25,442,2026022505013908,TVCL,58,81,10,658.00,"6,580.00"
2026-02-25,443,2026022505013889,TVCL,101,81,760,658.00,"500,080.00"
2026-02-25,444,2026022505013748,TVCL,101,34,500,657.00,"328,500.00"
2026-02-25,445,2026022505013747,TVCL,101,49,400,657.00,"262,800.00"
2026-02-25,446,2026022505013746,TVCL,101,36,50,657.00,"32,850.00"
2026-02-25,447,2026022505013745,TVCL,101,42,520,656.90,"341,588.00"
2026-02-25,448,2026022505013888,TVCL,101,45,240,657.90,"157,896.00"
2026-02-25,449,2026022505013867,TVCL,32,45,10,657.90,"6,579.00"
2026-02-25,450,2026022505013831,TVCL,69,8,30,650.30,"19,509.00"
2026-02-25,451,2026022505013751,TVCL,101,81,461,658.00,"303,338.00"
2026-02-25,452,2026022505013750,TVCL,101,77,549,657.90,"361,187.10"
2026-02-25,453,2026022505013749,TVCL,101,45,20,657.00,"13,140.00"
2026-02-25,454,2026022505013716,UHEWA,42,42,"1,000",560.00,"560,000.00"
2026-02-25,455,2026022505013907,ULHC,45,16,199,554.10,"110,265.90"
2026-02-25,456,2026022505013904,ULHC,49,48,50,555.00,"27,750.00"
2026-02-25,457,2026022505013828,ULHC,58,48,100,555.00,"55,500.00"
2026-02-25,458,2026022505013786,ULHC,64,48,27,555.00,"14,985.00"
2026-02-25,459,2026022505013732,ULHC,62,48,150,555.00,"83,250.00"
2026-02-25,460,2026022505013661,ULHC,58,99,"1,000",554.00,"554,000.00"
2026-02-25,461,2026022505013602,ULHC,59,6,10,554.50,"5,545.00"
2026-02-25,462,2026022505013608,ULHC,59,22,20,554.80,"11,096.00"
2026-02-25,463,2026022505013607,ULHC,59,21,50,554.80,"27,740.00"
2026-02-25,464,2026022505013606,ULHC,59,62,50,554.80,"27,740.00"
2026-02-25,465,2026022505013605,ULHC,59,6,20,554.80,"11,096.00"
2026-02-25,466,2026022505013604,ULHC,59,29,10,554.80,"5,548.00"
2026-02-25,467,2026022505013603,ULHC,59,6,500,554.70,"277,350.00"
2026-02-25,468,2026022505013614,ULHC,59,1,10,555.00,"5,550.00"
2026-02-25,469,2026022505013613,ULHC,59,41,20,555.00,"11,100.00"
2026-02-25,470,2026022505013612,ULHC,59,57,10,555.00,"5,550.00"
2026-02-25,471,2026022505013611,ULHC,59,43,10,555.00,"5,550.00"
2026-02-25,472,2026022505013610,ULHC,59,28,500,555.00,"277,500.00"
2026-02-25,473,2026022505013609,ULHC,59,7,10,555.00,"5,550.00"
2026-02-25,474,2026022505013620,ULHC,59,43,100,555.00,"55,500.00"
2026-02-25,475,2026022505013619,ULHC,59,58,10,555.00,"5,550.00"
2026-02-25,476,2026022505013618,ULHC,59,49,10,555.00,"5,550.00"
2026-02-25,477,2026022505013617,ULHC,59,58,10,555.00,"5,550.00"
2026-02-25,478,2026022505013616,ULHC,59,58,49,555.00,"27,195.00"
2026-02-25,479,2026022505013615,ULHC,59,21,30,555.00,"16,650.00"
2026-02-25,480,2026022505013626,ULHC,59,35,100,555.00,"55,500.00"
2026-02-25,481,2026022505013625,ULHC,59,47,300,555.00,"166,500.00"
2026-02-25,482,2026022505013624,ULHC,59,42,135,555.00,"74,925.00"
2026-02-25,483,2026022505013623,ULHC,59,67,250,555.00,"138,750.00"
2026-02-25,484,2026022505013622,ULHC,59,17,10,555.00,"5,550.00"
2026-02-25,485,2026022505013621,ULHC,59,41,200,555.00,"111,000.00"
2026-02-25,486,2026022505013632,ULHC,59,48,16,555.00,"8,880.00"
2026-02-25,487,2026022505013631,ULHC,59,45,30,555.00,"16,650.00"
2026-02-25,488,2026022505013630,ULHC,59,38,100,555.00,"55,500.00"
2026-02-25,489,2026022505013629,ULHC,59,42,200,555.00,"111,000.00"
2026-02-25,490,2026022505013628,ULHC,59,42,10,555.00,"5,550.00"
2026-02-25,491,2026022505013627,ULHC,59,42,220,555.00,"122,100.00"
2026-02-25,492,2026022505013903,USHEC,6,59,100,467.00,"46,700.00"
2026-02-25,493,2026022505013878,USHL,48,21,10,708.80,"7,088.00"
2026-02-25,494,2026022505013864,USHL,74,21,10,708.80,"7,088.00"
2026-02-25,495,2026022505013834,USHL,6,74,453,702.00,"318,006.00"
2026-02-25,496,2026022505013833,USHL,14,74,247,703.00,"173,641.00"
2026-02-25,497,2026022505013797,USHL,48,21,10,708.80,"7,088.00"
2026-02-25,498,2026022505013722,USHL,49,65,45,703.10,"31,639.50"
2026-02-25,499,2026022505013721,USHL,42,65,30,703.20,"21,096.00"
2026-02-25,500,2026022505013964,VLUCL,45,6,20,559.00,"11,180.00"
2026-02-25,501,2026022505013415,AHL,58,42,10,500.10,"5,001.00"
2026-02-25,502,2026022505013147,AHL,29,62,44,500.00,"22,000.00"
2026-02-25,503,2026022505013146,AHL,1,62,80,500.10,"40,008.00"
2026-02-25,504,2026022505013145,AHL,34,62,55,500.10,"27,505.50"
2026-02-25,505,2026022505013144,AHL,50,62,30,500.20,"15,006.00"
2026-02-25,506,2026022505013143,AHL,58,62,23,500.30,"11,506.90"
2026-02-25,507,2026022505013094,BBC,32,60,10,"4,607.10","46,071.00"
2026-02-25,508,2026022505013243,BHDC,42,43,130,471.90,"61,347.00"
2026-02-25,509,2026022505013115,BHDC,80,45,125,471.10,"58,887.50"
2026-02-25,510,2026022505013480,BHL,94,4,"1,788",197.50,"353,130.00"
2026-02-25,511,2026022505013479,BHL,58,4,160,197.50,"31,600.00"
2026-02-25,512,2026022505013478,BHL,41,4,764,197.50,"150,890.00"
2026-02-25,513,2026022505013477,BHL,42,4,300,197.50,"59,250.00"
2026-02-25,514,2026022505013476,BHL,80,4,488,197.50,"96,380.00"
2026-02-25,515,2026022505013475,BHL,55,4,700,197.60,"138,320.00"
2026-02-25,516,2026022505013176,BHL,48,4,100,198.00,"19,800.00"
2026-02-25,517,2026022505013175,BHL,19,4,712,198.00,"140,976.00"
2026-02-25,518,2026022505013121,BHL,19,29,200,198.00,"39,600.00"
2026-02-25,519,2026022505013303,BHL,1,32,162,198.10,"32,092.20"
2026-02-25,520,2026022505013279,BHL,1,11,50,198.00,"9,900.00"
2026-02-25,521,2026022505013230,BHL,1,4,288,198.00,"57,024.00"
2026-02-25,522,2026022505013220,BHL,46,4,200,198.00,"39,600.00"
2026-02-25,523,2026022505013189,BHL,6,4,850,198.00,"168,300.00"
2026-02-25,524,2026022505013177,BHL,53,4,800,198.00,"158,400.00"
2026-02-25,525,2026022505013379,BHL,47,45,430,198.00,"85,140.00"
2026-02-25,526,2026022505013374,BHL,22,32,300,197.60,"59,280.00"
2026-02-25,527,2026022505013339,BHL,6,45,50,198.00,"9,900.00"
2026-02-25,528,2026022505013338,BHL,22,45,100,197.60,"19,760.00"
2026-02-25,529,2026022505013337,BHL,49,45,"4,900",197.70,"968,730.00"
2026-02-25,530,2026022505013322,BHL,42,45,20,198.00,"3,960.00"
2026-02-25,531,2026022505013474,BHL,22,4,"1,200",197.60,"237,120.00"
2026-02-25,532,2026022505013473,BHL,38,4,600,198.00,"118,800.00"
2026-02-25,533,2026022505013465,BHL,38,42,"1,000",198.00,"198,000.00"
2026-02-25,534,2026022505013464,BHL,38,35,600,198.00,"118,800.00"
2026-02-25,535,2026022505013463,BHL,38,45,"1,800",198.00,"356,400.00"
2026-02-25,536,2026022505013380,BHL,47,45,50,198.00,"9,900.00"
2026-02-25,537,2026022505013503,BHPL,29,58,10,551.00,"5,510.00"
2026-02-25,538,2026022505013495,BHPL,34,35,75,554.80,"41,610.00"
2026-02-25,539,2026022505013494,BHPL,34,5,100,554.80,"55,480.00"
2026-02-25,540,2026022505013493,BHPL,34,70,580,553.90,"321,262.00"
2026-02-25,541,2026022505013492,BHPL,34,22,35,553.00,"19,355.00"
2026-02-25,542,2026022505013442,BHPL,34,70,10,553.90,"5,539.00"
2026-02-25,543,2026022505013441,BHPL,34,35,100,553.80,"55,380.00"
2026-02-25,544,2026022505013521,BNHC,58,39,10,335.00,"3,350.00"
2026-02-25,545,2026022505013520,BNHC,38,39,200,335.00,"67,000.00"
2026-02-25,546,2026022505013519,BNHC,49,39,500,335.00,"167,500.00"
2026-02-25,547,2026022505013518,BNHC,38,39,110,335.20,"36,872.00"
2026-02-25,548,2026022505013517,BNHC,33,39,50,335.20,"16,760.00"
2026-02-25,549,2026022505013414,BNHC,33,36,50,335.20,"16,760.00"
2026-02-25,550,2026022505013349,BNHC,58,57,50,335.50,"16,775.00"
2026-02-25,551,2026022505013342,CHDC,39,32,10,"2,492.00","24,920.00"
2026-02-25,552,2026022505013312,CHDC,41,77,100,"2,501.00","250,100.00"
2026-02-25,553,2026022505013188,CHDC,32,32,100,"2,500.30","250,030.00"
2026-02-25,554,2026022505013118,CHDC,90,77,190,"2,501.00","475,190.00"
2026-02-25,555,2026022505013100,CHDC,58,77,100,"2,501.00","250,100.00"
2026-02-25,556,2026022505013293,CIT,7,38,10,"1,754.90","17,549.00"
2026-02-25,557,2026022505013292,CIT,7,54,190,"1,754.90","333,431.00"
2026-02-25,558,2026022505013267,CIT,7,7,20,"1,752.00","35,040.00"
2026-02-25,559,2026022505013367,CLI,3,35,32,471.80,"15,097.60"
2026-02-25,560,2026022505013366,CLI,3,38,50,471.50,"23,575.00"
2026-02-25,561,2026022505013365,CLI,3,35,30,471.50,"14,145.00"
2026-02-25,562,2026022505013364,CLI,3,54,20,471.50,"9,430.00"
2026-02-25,563,2026022505013363,CLI,3,48,55,471.50,"25,932.50"
2026-02-25,564,2026022505013362,CLI,3,42,13,470.00,"6,110.00"
2026-02-25,565,2026022505013281,CLI,42,63,13,469.10,"6,098.30"
2026-02-25,566,2026022505013439,DOLTI,58,32,100,509.00,"50,900.00"
2026-02-25,567,2026022505013376,DOLTI,58,26,60,509.00,"30,540.00"
2026-02-25,568,2026022505013448,DORDI,45,58,400,273.00,"109,200.00"
2026-02-25,569,2026022505013447,DORDI,42,58,500,273.00,"136,500.00"
2026-02-25,570,2026022505013446,DORDI,42,58,100,273.00,"27,300.00"
2026-02-25,571,2026022505013125,DORDI,58,58,460,272.50,"125,350.00"
2026-02-25,572,2026022505013124,DORDI,71,58,40,272.50,"10,900.00"
2026-02-25,573,2026022505013117,DORDI,56,49,180,275.80,"49,644.00"
2026-02-25,574,2026022505013116,DORDI,56,42,140,275.00,"38,500.00"
2026-02-25,575,2026022505013107,DORDI,71,43,60,272.50,"16,350.00"
2026-02-25,576,2026022505013106,DORDI,7,43,60,272.60,"16,356.00"
2026-02-25,577,2026022505013232,EHPL,48,49,50,406.80,"20,340.00"
2026-02-25,578,2026022505013111,EHPL,88,45,147,408.00,"59,976.00"
2026-02-25,579,2026022505013238,GCIL,40,60,668,410.20,"274,013.60"
2026-02-25,580,2026022505013237,GCIL,41,60,259,410.20,"106,241.80"
2026-02-25,581,2026022505013236,GCIL,58,60,10,410.50,"4,105.00"
2026-02-25,582,2026022505013235,GCIL,42,60,74,410.60,"30,384.40"
2026-02-25,583,2026022505013204,GCIL,42,58,11,410.60,"4,516.60"
2026-02-25,584,2026022505013340,GVL,42,48,825,483.80,"399,135.00"
2026-02-25,585,2026022505013172,GVL,6,48,75,484.00,"36,300.00"
2026-02-25,586,2026022505013491,HATHY,49,81,37,900.00,"33,300.00"
2026-02-25,587,2026022505013490,HATHY,17,81,18,900.00,"16,200.00"
2026-02-25,588,2026022505013423,HATHY,17,47,22,900.00,"19,800.00"
2026-02-25,589,2026022505013422,HATHY,54,47,10,900.00,"9,000.00"
2026-02-25,590,2026022505013421,HATHY,29,47,45,900.00,"40,500.00"
2026-02-25,591,2026022505013420,HATHY,57,47,30,900.00,"27,000.00"
2026-02-25,592,2026022505013419,HATHY,58,47,73,900.00,"65,700.00"
2026-02-25,593,2026022505013334,HATHY,38,47,70,901.00,"63,070.00"
2026-02-25,594,2026022505013245,HATHY,63,47,50,901.00,"45,050.00"
2026-02-25,595,2026022505013357,HDL,34,16,88,"1,138.50","100,188.00"
2026-02-25,596,2026022505013356,HDL,34,49,12,"1,138.00","13,656.00"
2026-02-25,597,2026022505013348,HDL,16,33,100,"1,137.10","113,710.00"
2026-02-25,598,2026022505013247,HDL,34,43,11,"1,138.00","12,518.00"
2026-02-25,599,2026022505013470,HHL,42,32,171,332.10,"56,789.10"
2026-02-25,600,2026022505013392,HHL,48,6,500,332.20,"166,100.00"
2026-02-25,601,2026022505013355,HHL,42,39,10,332.50,"3,325.00"
2026-02-25,602,2026022505013227,HHL,50,39,40,332.50,"13,300.00"
2026-02-25,603,2026022505013226,HHL,44,39,500,332.50,"166,250.00"
2026-02-25,604,2026022505013225,HHL,59,39,60,332.60,"19,956.00"
2026-02-25,605,2026022505013224,HHL,58,39,10,332.70,"3,327.00"
2026-02-25,606,2026022505013199,HHL,58,32,19,332.80,"6,323.20"
2026-02-25,607,2026022505013280,HIDCL,41,26,70,259.80,"18,186.00"
2026-02-25,608,2026022505013119,HIDCL,67,50,14,258.00,"3,612.00"
2026-02-25,609,2026022505013516,HRL,41,45,15,837.00,"12,555.00"
2026-02-25,610,2026022505013352,HRL,41,29,35,837.00,"29,295.00"
2026-02-25,611,2026022505013167,HRL,55,29,50,837.00,"41,850.00"
2026-02-25,612,2026022505013083,HRL,51,64,50,837.00,"41,850.00"
2026-02-25,613,2026022505013219,HRL,50,29,15,837.00,"12,555.00"
2026-02-25,614,2026022505013268,HRL,51,58,10,836.50,"8,365.00"
2026-02-25,615,2026022505013488,IHL,42,38,10,511.00,"5,110.00"
2026-02-25,616,2026022505013378,IHL,42,39,10,511.00,"5,110.00"
2026-02-25,617,2026022505013114,IHL,20,56,45,510.00,"22,950.00"
2026-02-25,618,2026022505013113,IHL,53,56,90,510.10,"45,909.00"
2026-02-25,619,2026022505013435,ILI,34,44,104,442.80,"46,051.20"
2026-02-25,620,2026022505013434,ILI,34,13,100,442.50,"44,250.00"
2026-02-25,621,2026022505013433,ILI,34,44,200,442.50,"88,500.00"
2026-02-25,622,2026022505013432,ILI,34,52,12,442.50,"5,310.00"
2026-02-25,623,2026022505013431,ILI,34,42,12,442.00,"5,304.00"
2026-02-25,624,2026022505013430,ILI,34,49,12,442.00,"5,304.00"
2026-02-25,625,2026022505013429,ILI,34,11,10,442.00,"4,420.00"
2026-02-25,626,2026022505013428,ILI,34,45,50,442.00,"22,100.00"
2026-02-25,627,2026022505013336,ILI,11,63,12,441.00,"5,292.00"
2026-02-25,628,2026022505013271,ILI,26,35,2,433.20,866.40
2026-02-25,629,2026022505013095,ILI,42,59,50,440.20,"22,010.00"
2026-02-25,630,2026022505013163,KDBY,41,42,100,10.11,"1,011.00"
2026-02-25,631,2026022505013162,KDBY,41,19,100,10.11,"1,011.00"
2026-02-25,632,2026022505013161,KDBY,41,35,100,10.10,"1,010.00"
2026-02-25,633,2026022505013160,KDBY,41,58,300,10.00,"3,000.00"
2026-02-25,634,2026022505013541,MAKAR,14,56,25,525.50,"13,137.50"
2026-02-25,635,2026022505013540,MAKAR,38,56,40,525.60,"21,024.00"
2026-02-25,636,2026022505013539,MAKAR,38,56,50,525.60,"26,280.00"
2026-02-25,637,2026022505013538,MAKAR,38,56,50,525.60,"26,280.00"
2026-02-25,638,2026022505013537,MAKAR,38,56,30,525.60,"15,768.00"
2026-02-25,639,2026022505013536,MAKAR,38,56,10,525.60,"5,256.00"
2026-02-25,640,2026022505013406,MAKAR,42,56,130,526.00,"68,380.00"
2026-02-25,641,2026022505013405,MAKAR,58,56,10,526.00,"5,260.00"
2026-02-25,642,2026022505013404,MAKAR,41,56,800,526.10,"420,880.00"
2026-02-25,643,2026022505013108,MAKAR,58,58,10,526.00,"5,260.00"
2026-02-25,644,2026022505013412,MAKAR,45,56,10,525.70,"5,257.00"
2026-02-25,645,2026022505013411,MAKAR,74,56,200,525.80,"105,160.00"
2026-02-25,646,2026022505013410,MAKAR,60,56,200,525.80,"105,160.00"
2026-02-25,647,2026022505013409,MAKAR,45,56,10,525.80,"5,258.00"
2026-02-25,648,2026022505013408,MAKAR,45,56,10,525.90,"5,259.00"
2026-02-25,649,2026022505013407,MAKAR,18,56,150,526.00,"78,900.00"
2026-02-25,650,2026022505013535,MAKAR,38,56,100,525.60,"52,560.00"
2026-02-25,651,2026022505013534,MAKAR,38,56,25,525.60,"13,140.00"
2026-02-25,652,2026022505013533,MAKAR,38,56,150,525.60,"78,840.00"
2026-02-25,653,2026022505013532,MAKAR,17,56,520,525.70,"273,364.00"
2026-02-25,654,2026022505013484,MAKAR,19,51,115,529.90,"60,938.50"
2026-02-25,655,2026022505013413,MAKAR,17,56,480,525.70,"252,336.00"
2026-02-25,656,2026022505013384,MANDU,57,33,10,801.00,"8,010.00"
2026-02-25,657,2026022505013472,MBJC,58,35,50,290.40,"14,520.00"
2026-02-25,658,2026022505013471,MBJC,58,42,50,290.00,"14,500.00"
2026-02-25,659,2026022505013368,MBJC,52,45,10,288.00,"2,880.00"
2026-02-25,660,2026022505013085,MBJC,58,49,50,290.40,"14,520.00"
2026-02-25,661,2026022505013084,MBJC,58,42,87,290.00,"25,230.00"
2026-02-25,662,2026022505013090,MBJC,58,6,98,291.00,"28,518.00"
2026-02-25,663,2026022505013089,MBJC,58,38,10,290.90,"2,909.00"
2026-02-25,664,2026022505013088,MBJC,58,40,150,290.80,"43,620.00"
2026-02-25,665,2026022505013087,MBJC,58,16,90,290.50,"26,145.00"
2026-02-25,666,2026022505013086,MBJC,58,58,15,290.40,"4,356.00"
2026-02-25,667,2026022505013351,MCHL,56,39,900,407.00,"366,300.00"
2026-02-25,668,2026022505013350,MCHL,17,39,100,407.10,"40,710.00"
2026-02-25,669,2026022505013481,MEL,42,48,770,279.10,"214,907.00"
2026-02-25,670,2026022505013330,MEL,42,48,330,279.10,"92,103.00"
2026-02-25,671,2026022505013329,MEL,65,48,100,279.10,"27,910.00"
2026-02-25,672,2026022505013328,MEL,55,48,90,279.10,"25,119.00"
2026-02-25,673,2026022505013082,MEL,55,6,10,281.00,"2,810.00"
2026-02-25,674,2026022505013081,MEL,55,44,10,280.70,"2,807.00"
2026-02-25,675,2026022505013080,MEL,55,44,10,280.50,"2,805.00"
2026-02-25,676,2026022505013253,MEL,42,49,236,279.20,"65,891.20"
2026-02-25,677,2026022505013252,MEL,65,49,100,279.30,"27,930.00"
2026-02-25,678,2026022505013251,MEL,41,49,100,279.30,"27,930.00"
2026-02-25,679,2026022505013250,MEL,32,49,50,279.30,"13,965.00"
2026-02-25,680,2026022505013249,MEL,1,49,14,279.30,"3,910.20"
2026-02-25,681,2026022505013327,MEL,65,48,100,279.20,"27,920.00"
2026-02-25,682,2026022505013326,MEL,13,48,200,279.20,"55,840.00"
2026-02-25,683,2026022505013325,MEL,42,48,30,279.20,"8,376.00"
2026-02-25,684,2026022505013324,MEL,65,48,100,279.30,"27,930.00"
2026-02-25,685,2026022505013323,MEL,35,48,50,280.00,"14,000.00"
2026-02-25,686,2026022505013469,MHL,21,34,27,520.00,"14,040.00"
2026-02-25,687,2026022505013468,MHL,11,34,50,520.80,"26,040.00"
2026-02-25,688,2026022505013467,MHL,28,34,343,520.80,"178,634.40"
2026-02-25,689,2026022505013149,MHL,39,52,20,520.90,"10,418.00"
2026-02-25,690,2026022505013295,MHL,41,58,10,520.90,"5,209.00"
2026-02-25,691,2026022505013388,MHL,45,58,50,520.90,"26,045.00"
2026-02-25,692,2026022505013387,MHL,45,36,50,520.80,"26,040.00"
2026-02-25,693,2026022505013397,MKHC,52,8,490,317.00,"155,330.00"
2026-02-25,694,2026022505013396,MKHC,52,58,30,316.00,"9,480.00"
2026-02-25,695,2026022505013395,MKHC,52,54,10,316.00,"3,160.00"
2026-02-25,696,2026022505013150,MKHC,6,3,380,315.00,"119,700.00"
2026-02-25,697,2026022505013156,MKHC,10,3,30,315.00,"9,450.00"
2026-02-25,698,2026022505013155,MKHC,10,3,40,315.00,"12,600.00"
2026-02-25,699,2026022505013154,MKHC,57,3,500,315.00,"157,500.00"
2026-02-25,700,2026022505013153,MKHC,53,3,400,315.00,"126,000.00"
2026-02-25,701,2026022505013152,MKHC,35,3,210,315.00,"66,150.00"
2026-02-25,702,2026022505013151,MKHC,66,3,300,315.00,"94,500.00"
2026-02-25,703,2026022505013234,MKHC,1,14,140,315.00,"44,100.00"
2026-02-25,704,2026022505013233,MKHC,1,3,20,315.00,"6,300.00"
2026-02-25,705,2026022505013178,MKHC,7,3,10,315.00,"3,150.00"
2026-02-25,706,2026022505013158,MKHC,41,3,10,315.00,"3,150.00"
2026-02-25,707,2026022505013157,MKHC,17,3,100,315.00,"31,500.00"
2026-02-25,708,2026022505013394,MKHC,52,38,470,315.80,"148,426.00"
2026-02-25,709,2026022505013393,MKHC,52,3,"1,000",315.70,"315,700.00"
2026-02-25,710,2026022505013373,MKHC,17,14,335,315.00,"105,525.00"
2026-02-25,711,2026022505013354,MKHC,57,14,25,315.00,"7,875.00"
2026-02-25,712,2026022505013361,MKJC,33,48,100,526.00,"52,600.00"
2026-02-25,713,2026022505013360,MKJC,34,48,90,526.10,"47,349.00"
2026-02-25,714,2026022505013359,MKJC,10,48,20,526.10,"10,522.00"
2026-02-25,715,2026022505013311,MKJC,10,55,10,526.10,"5,261.00"
2026-02-25,716,2026022505013270,MMKJL,36,55,419,556.00,"232,964.00"
2026-02-25,717,2026022505013269,MMKJL,58,55,100,556.10,"55,610.00"
2026-02-25,718,2026022505013502,NBF3,49,36,100,9.41,941.00
2026-02-25,719,2026022505013096,NBF3,49,36,100,9.41,941.00
2026-02-25,720,2026022505013566,NIFRA,58,16,49,260.10,"12,744.90"
2026-02-25,721,2026022505013565,NIFRA,58,58,500,260.10,"130,050.00"
2026-02-25,722,2026022505013564,NIFRA,58,44,79,260.00,"20,540.00"
2026-02-25,723,2026022505013563,NIFRA,58,41,100,260.00,"26,000.00"
2026-02-25,724,2026022505013562,NIFRA,58,42,100,260.00,"26,000.00"
2026-02-25,725,2026022505013561,NIFRA,58,6,54,260.00,"14,040.00"
2026-02-25,726,2026022505013231,NIFRA,58,14,500,259.60,"129,800.00"
2026-02-25,727,2026022505013173,NIFRA,58,36,20,259.60,"5,192.00"
2026-02-25,728,2026022505013078,NIFRA,52,51,125,259.90,"32,487.50"
2026-02-25,729,2026022505013369,NIFRA,57,47,500,259.50,"129,750.00"
2026-02-25,730,2026022505013341,NIFRA,58,36,10,259.60,"2,596.00"
2026-02-25,731,2026022505013302,NIFRA,57,25,622,259.50,"161,409.00"
2026-02-25,732,2026022505013301,NIFRA,58,25,162,259.60,"42,055.20"
2026-02-25,733,2026022505013291,NIFRA,58,51,40,259.90,"10,396.00"
2026-02-25,734,2026022505013244,NIFRA,58,51,50,259.90,"12,995.00"
2026-02-25,735,2026022505013548,NIFRA,58,16,500,260.00,"130,000.00"
2026-02-25,736,2026022505013547,NIFRA,58,52,54,260.00,"14,040.00"
2026-02-25,737,2026022505013546,NIFRA,58,62,18,260.00,"4,680.00"
2026-02-25,738,2026022505013545,NIFRA,58,22,30,259.90,"7,797.00"
2026-02-25,739,2026022505013544,NIFRA,58,51,"1,785",259.90,"463,921.50"
2026-02-25,740,2026022505013509,NIFRA,57,36,17,259.50,"4,411.50"
2026-02-25,741,2026022505013554,NIFRA,58,25,30,260.00,"7,800.00"
2026-02-25,742,2026022505013553,NIFRA,58,35,54,260.00,"14,040.00"
2026-02-25,743,2026022505013552,NIFRA,58,55,19,260.00,"4,940.00"
2026-02-25,744,2026022505013551,NIFRA,58,94,14,260.00,"3,640.00"
2026-02-25,745,2026022505013550,NIFRA,58,29,550,260.00,"143,000.00"
2026-02-25,746,2026022505013549,NIFRA,58,34,"1,000",260.00,"260,000.00"
2026-02-25,747,2026022505013560,NIFRA,58,34,500,260.00,"130,000.00"
2026-02-25,748,2026022505013559,NIFRA,58,35,200,260.00,"52,000.00"
2026-02-25,749,2026022505013558,NIFRA,58,50,10,260.00,"2,600.00"
2026-02-25,750,2026022505013557,NIFRA,58,45,100,260.00,"26,000.00"
2026-02-25,751,2026022505013556,NIFRA,58,57,54,260.00,"14,040.00"
2026-02-25,752,2026022505013555,NIFRA,58,51,200,260.00,"52,000.00"
2026-02-25,753,2026022505013528,NRIC,58,22,53,"1,226.50","65,004.50"
2026-02-25,754,2026022505013438,NRIC,80,83,200,"1,228.00","245,600.00"
2026-02-25,755,2026022505013320,NRM,42,37,120,418.50,"50,220.00"
2026-02-25,756,2026022505013203,NRM,49,42,110,418.00,"45,980.00"
2026-02-25,757,2026022505013202,NRM,41,42,80,418.00,"33,440.00"
2026-02-25,758,2026022505013102,NRM,3,49,527,418.00,"220,286.00"
2026-02-25,759,2026022505013101,NRM,48,49,64,418.10,"26,758.40"
2026-02-25,760,2026022505013508,NRN,92,99,200,"1,522.10","304,420.00"
2026-02-25,761,2026022505013310,NRN,92,32,500,"1,522.10","761,050.00"
2026-02-25,762,2026022505013239,NRN,92,95,10,"1,522.10","15,221.00"
2026-02-25,763,2026022505013321,NTC,42,40,20,853.00,"17,060.00"
2026-02-25,764,2026022505013286,NTC,49,40,130,853.00,"110,890.00"
2026-02-25,765,2026022505013148,NTC,49,48,50,853.00,"42,650.00"
2026-02-25,766,2026022505013122,NTC,49,54,20,853.00,"17,060.00"
2026-02-25,767,2026022505013385,NYADI,48,34,"1,958",391.20,"765,969.60"
2026-02-25,768,2026022505013141,NYADI,57,34,85,392.00,"33,320.00"
2026-02-25,769,2026022505013140,NYADI,41,34,70,392.00,"27,440.00"
2026-02-25,770,2026022505013139,NYADI,49,34,200,392.00,"78,400.00"
2026-02-25,771,2026022505013138,NYADI,37,34,200,392.00,"78,400.00"
2026-02-25,772,2026022505013137,NYADI,32,34,10,392.00,"3,920.00"
2026-02-25,773,2026022505013130,NYADI,41,34,103,393.20,"40,499.60"
2026-02-25,774,2026022505013129,NYADI,41,34,300,393.30,"117,990.00"
2026-02-25,775,2026022505013128,NYADI,51,34,25,394.00,"9,850.00"
2026-02-25,776,2026022505013127,NYADI,52,34,33,394.00,"13,002.00"
2026-02-25,777,2026022505013136,NYADI,58,34,11,392.00,"4,312.00"
2026-02-25,778,2026022505013135,NYADI,26,34,200,392.10,"78,420.00"
2026-02-25,779,2026022505013134,NYADI,57,34,50,392.80,"19,640.00"
2026-02-25,780,2026022505013133,NYADI,32,34,10,393.00,"3,930.00"
2026-02-25,781,2026022505013132,NYADI,1,34,50,393.00,"19,650.00"
2026-02-25,782,2026022505013131,NYADI,56,34,40,393.00,"15,720.00"
2026-02-25,783,2026022505013522,PHCL,38,58,267,285.80,"76,308.60"
2026-02-25,784,2026022505013512,PHCL,38,17,300,285.80,"85,740.00"
2026-02-25,785,2026022505013504,PHCL,38,48,300,285.80,"85,740.00"
2026-02-25,786,2026022505013449,PHCL,38,91,100,286.00,"28,600.00"
2026-02-25,787,2026022505013332,PHCL,38,34,20,285.90,"5,718.00"
2026-02-25,788,2026022505013223,PHCL,53,91,120,286.00,"34,320.00"
2026-02-25,789,2026022505013190,PHCL,53,50,180,286.00,"51,480.00"
2026-02-25,790,2026022505013079,PHCL,51,50,10,286.00,"2,860.00"
2026-02-25,791,2026022505013542,PPL,64,50,100,376.10,"37,610.00"
2026-02-25,792,2026022505013427,PPL,64,19,800,376.10,"300,880.00"
2026-02-25,793,2026022505013426,PPL,11,19,200,376.20,"75,240.00"
2026-02-25,794,2026022505013347,PPL,91,19,887,376.00,"333,512.00"
2026-02-25,795,2026022505013346,PPL,91,19,578,376.00,"217,328.00"
2026-02-25,796,2026022505013345,PPL,60,19,135,376.10,"50,773.50"
2026-02-25,797,2026022505013183,PPL,28,19,10,378.30,"3,783.00"
2026-02-25,798,2026022505013182,PPL,28,19,10,378.40,"3,784.00"
2026-02-25,799,2026022505013181,PPL,28,19,"1,000",378.50,"378,500.00"
2026-02-25,800,2026022505013180,PPL,58,19,300,378.90,"113,670.00"
2026-02-25,801,2026022505013179,PPL,51,19,350,378.90,"132,615.00"
2026-02-25,802,2026022505013123,PPL,51,71,250,378.90,"94,725.00"
2026-02-25,803,2026022505013296,PPL,50,19,100,377.50,"37,750.00"
2026-02-25,804,2026022505013273,PPL,50,22,100,377.50,"37,750.00"
2026-02-25,805,2026022505013187,PPL,8,19,500,378.00,"189,000.00"
2026-02-25,806,2026022505013186,PPL,58,19,400,378.10,"151,240.00"
2026-02-25,807,2026022505013185,PPL,42,19,60,378.20,"22,692.00"
2026-02-25,808,2026022505013184,PPL,28,19,10,378.20,"3,782.00"
2026-02-25,809,2026022505013344,PPL,11,19,200,376.10,"75,220.00"
2026-02-25,810,2026022505013343,PPL,14,19,200,377.00,"75,400.00"
2026-02-25,811,2026022505013300,PPL,14,19,300,377.00,"113,100.00"
2026-02-25,812,2026022505013299,PPL,25,19,100,377.00,"37,700.00"
2026-02-25,813,2026022505013298,PPL,19,19,500,377.00,"188,500.00"
2026-02-25,814,2026022505013297,PPL,11,19,100,377.10,"37,710.00"
2026-02-25,815,2026022505013462,RFPL,50,57,500,393.00,"196,500.00"
2026-02-25,816,2026022505013461,RFPL,50,26,500,393.00,"196,500.00"
2026-02-25,817,2026022505013460,RFPL,50,26,400,393.00,"157,200.00"
2026-02-25,818,2026022505013459,RFPL,50,28,600,392.90,"235,740.00"
2026-02-25,819,2026022505013445,RFPL,64,10,55,391.00,"21,505.00"
2026-02-25,820,2026022505013444,RFPL,45,10,15,392.00,"5,880.00"
2026-02-25,821,2026022505013403,RFPL,45,39,10,392.00,"3,920.00"
2026-02-25,822,2026022505013333,RFPL,64,91,30,391.00,"11,730.00"
2026-02-25,823,2026022505013200,RFPL,45,91,100,391.00,"39,100.00"
2026-02-25,824,2026022505013092,RFPL,57,91,70,392.00,"27,440.00"
2026-02-25,825,2026022505013091,RFPL,57,62,130,391.00,"50,830.00"
2026-02-25,826,2026022505013073,RFPL,58,62,70,391.00,"27,370.00"
2026-02-25,827,2026022505013440,RHGCL,85,47,10,271.90,"2,719.00"
2026-02-25,828,2026022505013294,RHGCL,34,43,80,272.00,"21,760.00"
2026-02-25,829,2026022505013402,RNLI,34,49,49,468.90,"22,976.10"
2026-02-25,830,2026022505013401,RNLI,34,52,30,468.80,"14,064.00"
2026-02-25,831,2026022505013400,RNLI,34,58,20,468.80,"9,376.00"
2026-02-25,832,2026022505013399,RNLI,34,45,68,468.70,"31,871.60"
2026-02-25,833,2026022505013398,RNLI,34,19,12,468.00,"5,616.00"
2026-02-25,834,2026022505013278,RNLI,94,49,146,468.90,"68,459.40"
2026-02-25,835,2026022505013277,RNLI,94,33,50,468.50,"23,425.00"
2026-02-25,836,2026022505013276,RNLI,94,28,12,468.40,"5,620.80"
2026-02-25,837,2026022505013275,RNLI,94,50,72,468.10,"33,703.20"
2026-02-25,838,2026022505013274,RNLI,94,54,20,468.00,"9,360.00"
2026-02-25,839,2026022505013142,RNLI,58,58,12,468.00,"5,616.00"
2026-02-25,840,2026022505013109,RNLI,38,52,79,466.60,"36,861.40"
2026-02-25,841,2026022505013358,SAGF,17,55,"2,000",10.09,"20,180.00"
2026-02-25,842,2026022505013507,SAHAS,58,29,100,562.00,"56,200.00"
2026-02-25,843,2026022505013506,SAHAS,58,45,46,562.00,"25,852.00"
2026-02-25,844,2026022505013505,SAHAS,58,21,89,562.00,"50,018.00"
2026-02-25,845,2026022505013425,SAHAS,13,21,694,562.00,"390,028.00"
2026-02-25,846,2026022505013424,SAHAS,13,48,186,561.90,"104,513.40"
2026-02-25,847,2026022505013377,SAHAS,38,48,100,561.90,"56,190.00"
2026-02-25,848,2026022505013353,SAHAS,14,48,20,561.90,"11,238.00"
2026-02-25,849,2026022505013097,SAHAS,53,50,101,561.30,"56,691.30"
2026-02-25,850,2026022505013331,SANVI,1,57,250,807.00,"201,750.00"
2026-02-25,851,2026022505013306,SANVI,32,32,330,805.00,"265,650.00"
2026-02-25,852,2026022505013305,SANVI,6,32,40,806.00,"32,240.00"
2026-02-25,853,2026022505013218,SANVI,32,101,30,805.00,"24,150.00"
2026-02-25,854,2026022505013217,SANVI,83,101,300,805.00,"241,500.00"
2026-02-25,855,2026022505013216,SANVI,14,101,30,805.10,"24,153.00"
2026-02-25,856,2026022505013209,SANVI,48,101,30,809.00,"24,270.00"
2026-02-25,857,2026022505013208,SANVI,14,101,10,809.10,"8,091.00"
2026-02-25,858,2026022505013207,SANVI,58,101,20,809.30,"16,186.00"
2026-02-25,859,2026022505013206,SANVI,74,101,50,809.70,"40,485.00"
2026-02-25,860,2026022505013205,SANVI,48,101,22,809.70,"17,813.40"
2026-02-25,861,2026022505013215,SANVI,39,101,100,806.00,"80,600.00"
2026-02-25,862,2026022505013214,SANVI,83,101,20,806.00,"16,120.00"
2026-02-25,863,2026022505013213,SANVI,41,101,50,807.00,"40,350.00"
2026-02-25,864,2026022505013212,SANVI,82,101,300,807.60,"242,280.00"
2026-02-25,865,2026022505013211,SANVI,58,101,28,808.00,"22,624.00"
2026-02-25,866,2026022505013210,SANVI,14,101,10,808.00,"8,080.00"
2026-02-25,867,2026022505013266,SEF,14,17,"25,000",9.55,"238,750.00"
2026-02-25,868,2026022505013265,SEF,28,17,"5,000",9.55,"47,750.00"
2026-02-25,869,2026022505013264,SEF,51,17,900,9.55,"8,595.00"
2026-02-25,870,2026022505013263,SEF,48,17,"5,000",9.56,"47,800.00"
2026-02-25,871,2026022505013466,SGHC,52,53,200,395.00,"79,000.00"
2026-02-25,872,2026022505013485,SHIVM,45,45,50,612.00,"30,600.00"
2026-02-25,873,2026022505013418,SHIVM,56,57,50,611.40,"30,570.00"
2026-02-25,874,2026022505013417,SHIVM,58,45,50,612.00,"30,600.00"
2026-02-25,875,2026022505013308,SHIVM,58,35,50,612.00,"30,600.00"
2026-02-25,876,2026022505013168,SHIVM,56,45,"1,563",611.40,"955,618.20"
2026-02-25,877,2026022505013126,SHIVM,56,34,25,611.40,"15,285.00"
2026-02-25,878,2026022505013110,SHIVM,74,35,50,612.00,"30,600.00"
2026-02-25,879,2026022505013105,SHIVM,83,50,67,612.00,"41,004.00"
2026-02-25,880,2026022505013104,SHIVM,83,65,15,612.00,"9,180.00"
2026-02-25,881,2026022505013103,SHIVM,83,33,20,612.00,"12,240.00"
2026-02-25,882,2026022505013098,SHIVM,45,33,30,612.00,"18,360.00"
2026-02-25,883,2026022505013093,SHIVM,56,32,298,611.40,"182,197.20"
2026-02-25,884,2026022505013436,SIKLES,34,49,150,601.00,"90,150.00"
2026-02-25,885,2026022505013201,SIKLES,4,49,100,601.00,"60,100.00"
2026-02-25,886,2026022505013567,SMATA,17,53,292,776.10,"226,621.20"
2026-02-25,887,2026022505013529,SMATA,51,13,55,776.00,"42,680.00"
2026-02-25,888,2026022505013437,SMATA,51,33,50,776.00,"38,800.00"
2026-02-25,889,2026022505013390,SMATA,51,49,150,776.00,"116,400.00"
2026-02-25,890,2026022505013389,SMATA,38,49,110,776.00,"85,360.00"
2026-02-25,891,2026022505013372,SMATA,51,53,50,776.10,"38,805.00"
2026-02-25,892,2026022505013319,SMATA,49,53,100,776.10,"77,610.00"
2026-02-25,893,2026022505013318,SMATA,49,53,20,776.30,"15,526.00"
2026-02-25,894,2026022505013317,SMATA,41,53,10,777.00,"7,770.00"
2026-02-25,895,2026022505013543,SMH,44,26,50,645.40,"32,270.00"
2026-02-25,896,2026022505013511,SMH,49,40,73,645.00,"47,085.00"
2026-02-25,897,2026022505013483,SMH,49,40,48,645.00,"30,960.00"
2026-02-25,898,2026022505013482,SMH,42,40,152,645.00,"98,040.00"
2026-02-25,899,2026022505013443,SMH,42,34,348,645.00,"224,460.00"
2026-02-25,900,2026022505013371,SMH,38,34,152,645.00,"98,040.00"
2026-02-25,901,2026022505013192,SMH,44,40,80,643.00,"51,440.00"
2026-02-25,902,2026022505013159,SMH,34,40,10,643.00,"6,430.00"
2026-02-25,903,2026022505013370,SMH,38,58,78,645.00,"50,310.00"
2026-02-25,904,2026022505013335,SMH,5,58,500,645.00,"322,500.00"
2026-02-25,905,2026022505013285,SMH,36,58,422,645.00,"272,190.00"
2026-02-25,906,2026022505013284,SMH,36,40,89,645.00,"57,405.00"
2026-02-25,907,2026022505013283,SMH,36,98,189,644.90,"121,886.10"
2026-02-25,908,2026022505013282,SMH,36,40,100,644.00,"64,400.00"
2026-02-25,909,2026022505013531,SMHL,58,17,100,463.00,"46,300.00"
2026-02-25,910,2026022505013530,SMHL,34,17,30,463.00,"13,890.00"
2026-02-25,911,2026022505013489,SMHL,34,90,100,463.00,"46,300.00"
2026-02-25,912,2026022505013316,SMHL,34,3,80,463.00,"37,040.00"
2026-02-25,913,2026022505013315,SMHL,42,3,100,463.00,"46,300.00"
2026-02-25,914,2026022505013314,SMHL,49,3,170,463.00,"78,710.00"
2026-02-25,915,2026022505013313,SMHL,7,3,10,463.00,"4,630.00"
2026-02-25,916,2026022505013246,SMHL,56,54,220,463.50,"101,970.00"
2026-02-25,917,2026022505013171,SMHL,56,39,270,463.50,"125,145.00"
2026-02-25,918,2026022505013170,SMHL,56,44,10,463.40,"4,634.00"
2026-02-25,919,2026022505013242,SMJC,5,42,10,470.00,"4,700.00"
2026-02-25,920,2026022505013112,SMJC,5,42,10,470.00,"4,700.00"
2026-02-25,921,2026022505013515,SONA,49,51,10,422.00,"4,220.00"
2026-02-25,922,2026022505013501,SONA,49,50,658,422.00,"277,676.00"
2026-02-25,923,2026022505013500,SONA,44,50,96,422.00,"40,512.00"
2026-02-25,924,2026022505013499,SONA,48,50,40,422.10,"16,884.00"
2026-02-25,925,2026022505013498,SONA,42,50,19,422.10,"8,019.90"
2026-02-25,926,2026022505013497,SONA,47,50,187,422.20,"78,951.40"
2026-02-25,927,2026022505013416,SPC,41,45,10,490.00,"4,900.00"
2026-02-25,928,2026022505013248,SPC,67,17,11,494.00,"5,434.00"
2026-02-25,929,2026022505013229,SPC,67,32,41,493.90,"20,249.90"
2026-02-25,930,2026022505013169,SPC,41,4,40,490.00,"19,600.00"
2026-02-25,931,2026022505013077,SPHL,58,34,150,535.00,"80,250.00"
2026-02-25,932,2026022505013076,SPHL,58,34,10,535.00,"5,350.00"
2026-02-25,933,2026022505013513,SPL,57,42,10,732.00,"7,320.00"
2026-02-25,934,2026022505013309,STC,39,45,50,"5,819.00","290,950.00"
2026-02-25,935,2026022505013099,STC,39,52,20,"5,819.00","116,380.00"
2026-02-25,936,2026022505013241,TAMOR,49,34,300,414.90,"124,470.00"
2026-02-25,937,2026022505013166,TAMOR,58,55,10,414.00,"4,140.00"
2026-02-25,938,2026022505013523,TPC,74,92,110,382.90,"42,119.00"
2026-02-25,939,2026022505013514,TPC,74,48,80,382.90,"30,632.00"
2026-02-25,940,2026022505013386,TPC,74,47,100,382.90,"38,290.00"
2026-02-25,941,2026022505013307,TPC,48,67,"1,000",383.50,"383,500.00"
2026-02-25,942,2026022505013222,TSHL,32,95,28,713.00,"19,964.00"
2026-02-25,943,2026022505013221,TSHL,14,95,70,719.00,"50,330.00"
2026-02-25,944,2026022505013458,TVCL,101,77,451,657.90,"296,712.90"
2026-02-25,945,2026022505013457,TVCL,101,70,320,657.80,"210,496.00"
2026-02-25,946,2026022505013456,TVCL,101,43,700,657.80,"460,460.00"
2026-02-25,947,2026022505013455,TVCL,101,21,50,657.80,"32,890.00"
2026-02-25,948,2026022505013454,TVCL,101,29,29,657.70,"19,073.30"
2026-02-25,949,2026022505013453,TVCL,101,77,20,657.00,"13,140.00"
2026-02-25,950,2026022505013452,TVCL,101,22,30,657.00,"19,710.00"
2026-02-25,951,2026022505013451,TVCL,101,34,370,657.00,"243,090.00"
2026-02-25,952,2026022505013450,TVCL,101,54,30,656.90,"19,707.00"
2026-02-25,953,2026022505013228,TVCL,101,34,555,657.00,"364,635.00"
2026-02-25,954,2026022505013191,TVCL,101,54,350,657.00,"229,950.00"
2026-02-25,955,2026022505013174,TVCL,101,22,20,657.00,"13,140.00"
2026-02-25,956,2026022505013391,UHEWA,59,42,"1,000",560.00,"560,000.00"
2026-02-25,957,2026022505013198,UHEWA,14,42,323,560.00,"180,880.00"
2026-02-25,958,2026022505013197,UHEWA,14,11,177,559.80,"99,084.60"
2026-02-25,959,2026022505013196,UHEWA,14,44,200,559.80,"111,960.00"
2026-02-25,960,2026022505013075,UHEWA,59,58,10,556.20,"5,562.00"
2026-02-25,961,2026022505013527,ULHC,58,36,10,554.00,"5,540.00"
2026-02-25,962,2026022505013526,ULHC,58,48,500,554.00,"277,000.00"
2026-02-25,963,2026022505013525,ULHC,58,57,50,554.00,"27,700.00"
2026-02-25,964,2026022505013524,ULHC,58,51,909,554.00,"503,586.00"
2026-02-25,965,2026022505013510,ULHC,58,51,400,554.00,"221,600.00"
2026-02-25,966,2026022505013487,ULHC,38,51,691,554.00,"382,814.00"
2026-02-25,967,2026022505013071,ULHC,42,6,120,553.00,"66,360.00"
2026-02-25,968,2026022505013070,ULHC,39,6,300,553.00,"165,900.00"
2026-02-25,969,2026022505013069,ULHC,19,6,50,553.00,"27,650.00"
2026-02-25,970,2026022505013068,ULHC,58,6,30,553.00,"16,590.00"
2026-02-25,971,2026022505013193,ULHC,58,6,91,553.90,"50,404.90"
2026-02-25,972,2026022505013165,ULHC,22,58,89,554.00,"49,306.00"
2026-02-25,973,2026022505013164,ULHC,22,52,11,554.00,"6,094.00"
2026-02-25,974,2026022505013120,ULHC,22,52,100,554.00,"55,400.00"
2026-02-25,975,2026022505013074,ULHC,58,39,70,553.00,"38,710.00"
2026-02-25,976,2026022505013072,ULHC,42,39,30,553.00,"16,590.00"
2026-02-25,977,2026022505013256,ULHC,54,70,115,553.20,"63,618.00"
2026-02-25,978,2026022505013255,ULHC,57,70,200,553.30,"110,660.00"
2026-02-25,979,2026022505013254,ULHC,49,70,40,553.50,"22,140.00"
2026-02-25,980,2026022505013240,ULHC,54,58,10,553.20,"5,532.00"
2026-02-25,981,2026022505013195,ULHC,43,6,50,553.90,"27,695.00"
2026-02-25,982,2026022505013194,ULHC,51,6,90,553.90,"49,851.00"
2026-02-25,983,2026022505013262,ULHC,58,70,"4,637",553.00,"2,564,261.00"
2026-02-25,984,2026022505013261,ULHC,45,70,25,553.00,"13,825.00"
2026-02-25,985,2026022505013260,ULHC,64,70,200,553.00,"110,600.00"
2026-02-25,986,2026022505013259,ULHC,49,70,25,553.00,"13,825.00"
2026-02-25,987,2026022505013258,ULHC,58,70,289,553.00,"159,817.00"
2026-02-25,988,2026022505013257,ULHC,58,70,"1,000",553.10,"553,100.00"
2026-02-25,989,2026022505013486,ULHC,38,58,211,554.00,"116,894.00"
2026-02-25,990,2026022505013382,ULHC,48,58,50,554.00,"27,700.00"
2026-02-25,991,2026022505013381,ULHC,7,58,50,554.00,"27,700.00"
2026-02-25,992,2026022505013375,ULHC,45,13,166,553.10,"91,814.60"
2026-02-25,993,2026022505013304,ULHC,21,6,265,553.90,"146,783.50"
2026-02-25,994,2026022505013272,ULHC,58,62,500,553.00,"276,500.00"
2026-02-25,995,2026022505013383,USHL,48,21,10,708.80,"7,088.00"
2026-02-25,996,2026022505013290,USHL,74,21,100,703.00,"70,300.00"
2026-02-25,997,2026022505013289,USHL,52,21,10,703.50,"7,035.00"
2026-02-25,998,2026022505013288,USHL,32,21,10,704.00,"7,040.00"
2026-02-25,999,2026022505013287,USHL,42,21,30,704.10,"21,123.00"
2026-02-25,1000,2026022505013496,VLUCL,59,42,10,560.00,"5,600.00"
2026-02-25,1001,2026022505013050,BEDC,11,90,100,510.00,"51,000.00"
2026-02-25,1002,2026022505012599,BEDC,55,49,10,511.00,"5,110.00"
2026-02-25,1003,2026022505012625,BEDC,55,28,10,512.00,"5,120.00"
2026-02-25,1004,2026022505012600,BEDC,55,17,250,511.00,"127,750.00"
2026-02-25,1005,2026022505012931,BEDC,55,11,10,511.00,"5,110.00"
2026-02-25,1006,2026022505012933,BEDC,57,11,100,510.00,"51,000.00"
2026-02-25,1007,2026022505012932,BEDC,7,11,390,510.00,"198,900.00"
2026-02-25,1008,2026022505012950,BGWT,55,44,10,751.00,"7,510.00"
2026-02-25,1009,2026022505012949,BGWT,55,13,570,751.00,"428,070.00"
2026-02-25,1010,2026022505013016,BHDC,10,45,40,471.00,"18,840.00"
2026-02-25,1011,2026022505012809,BHDC,80,49,95,470.90,"44,735.50"
2026-02-25,1012,2026022505012961,BHL,19,38,88,198.00,"17,424.00"
2026-02-25,1013,2026022505012890,BHL,38,32,490,198.10,"97,069.00"
2026-02-25,1014,2026022505012889,BHL,38,58,10,198.00,"1,980.00"
2026-02-25,1015,2026022505012863,BHL,49,1,100,197.70,"19,770.00"
2026-02-25,1016,2026022505012862,BHL,29,1,100,197.70,"19,770.00"
2026-02-25,1017,2026022505012861,BHL,57,1,100,197.80,"19,780.00"
2026-02-25,1018,2026022505012860,BHL,57,1,200,198.00,"39,600.00"
2026-02-25,1019,2026022505012880,CHDC,1,94,15,"2,501.00","37,515.00"
2026-02-25,1020,2026022505012779,CHDC,42,94,30,"2,501.00","75,030.00"
2026-02-25,1021,2026022505012743,CHDC,58,49,125,"2,506.50","313,312.50"
2026-02-25,1022,2026022505012742,CHDC,26,32,1,"2,490.00","2,490.00"
2026-02-25,1023,2026022505012711,CHDC,100,49,100,"2,506.50","250,650.00"
2026-02-25,1024,2026022505012685,CHDC,39,49,100,"2,506.50","250,650.00"
2026-02-25,1025,2026022505012602,CHDC,69,48,5,"2,496.00","12,480.00"
2026-02-25,1026,2026022505012667,CHDC,39,49,100,"2,506.50","250,650.00"
2026-02-25,1027,2026022505012654,CHDC,39,49,40,"2,506.50","100,260.00"
2026-02-25,1028,2026022505012653,CHDC,39,58,40,"2,505.00","100,200.00"
2026-02-25,1029,2026022505012652,CHDC,39,4,20,"2,504.00","50,080.00"
2026-02-25,1030,2026022505012649,CHDC,48,94,50,"2,500.00","125,000.00"
2026-02-25,1031,2026022505012607,CHDC,48,1,50,"2,500.00","125,000.00"
2026-02-25,1032,2026022505012885,CIT,7,43,16,"1,752.00","28,032.00"
2026-02-25,1033,2026022505013064,CKHL,92,17,"4,300",683.00,"2,936,900.00"
2026-02-25,1034,2026022505012727,CLI,17,48,156,471.50,"73,554.00"
2026-02-25,1035,2026022505012726,CLI,17,38,13,471.30,"6,126.90"
2026-02-25,1036,2026022505012725,CLI,17,58,13,471.00,"6,123.00"
2026-02-25,1037,2026022505012724,CLI,17,39,70,471.00,"32,970.00"
2026-02-25,1038,2026022505012723,CLI,17,58,13,471.00,"6,123.00"
2026-02-25,1039,2026022505012595,CLI,17,58,13,470.00,"6,110.00"
2026-02-25,1040,2026022505012594,CLI,17,25,13,470.00,"6,110.00"
2026-02-25,1041,2026022505012593,CLI,17,16,"1,247",470.00,"586,090.00"
2026-02-25,1042,2026022505012573,CLI,17,3,100,469.90,"46,990.00"
2026-02-25,1043,2026022505012722,CLI,17,62,13,471.00,"6,123.00"
2026-02-25,1044,2026022505012721,CLI,17,90,12,470.50,"5,646.00"
2026-02-25,1045,2026022505012720,CLI,17,58,10,470.00,"4,700.00"
2026-02-25,1046,2026022505012637,CLI,45,42,12,470.50,"5,646.00"
2026-02-25,1047,2026022505012597,CLI,17,58,13,470.00,"6,110.00"
2026-02-25,1048,2026022505012596,CLI,17,35,44,470.00,"20,680.00"
2026-02-25,1049,2026022505013017,DOLTI,54,70,100,509.00,"50,900.00"
2026-02-25,1050,2026022505013056,DORDI,7,38,340,272.60,"92,684.00"
2026-02-25,1051,2026022505013012,DORDI,34,45,350,273.00,"95,550.00"
2026-02-25,1052,2026022505012731,DORDI,42,43,30,274.00,"8,220.00"
2026-02-25,1053,2026022505012683,DORDI,7,77,100,272.20,"27,220.00"
2026-02-25,1054,2026022505012982,EHPL,88,38,200,408.00,"81,600.00"
2026-02-25,1055,2026022505012981,EHPL,88,38,953,408.00,"388,824.00"
2026-02-25,1056,2026022505012859,EHPL,91,38,47,408.00,"19,176.00"
2026-02-25,1057,2026022505012820,EHPL,91,38,100,408.00,"40,800.00"
2026-02-25,1058,2026022505012819,EHPL,88,38,400,408.00,"163,200.00"
2026-02-25,1059,2026022505012610,EHPL,88,38,60,408.00,"24,480.00"
2026-02-25,1060,2026022505012609,EHPL,88,38,540,408.00,"220,320.00"
2026-02-25,1061,2026022505012584,EHPL,88,38,450,408.00,"183,600.00"
2026-02-25,1062,2026022505012583,EHPL,88,5,550,407.00,"223,850.00"
2026-02-25,1063,2026022505012619,GCIL,42,7,100,411.50,"41,150.00"
2026-02-25,1064,2026022505012686,GCIL,21,50,6,410.00,"2,460.00"
2026-02-25,1065,2026022505012986,GCIL,52,42,10,410.90,"4,109.00"
2026-02-25,1066,2026022505012985,GCIL,7,42,100,411.00,"41,100.00"
2026-02-25,1067,2026022505012984,GCIL,69,42,50,411.00,"20,550.00"
2026-02-25,1068,2026022505012983,GCIL,21,42,58,411.00,"23,838.00"
2026-02-25,1069,2026022505012966,GCIL,21,22,11,411.00,"4,521.00"
2026-02-25,1070,2026022505013057,GVL,17,14,28,485.00,"13,580.00"
2026-02-25,1071,2026022505012762,GVL,47,51,400,484.90,"193,960.00"
2026-02-25,1072,2026022505012768,GVL,47,14,99,485.00,"48,015.00"
2026-02-25,1073,2026022505012767,GVL,47,53,140,485.00,"67,900.00"
2026-02-25,1074,2026022505012766,GVL,47,57,11,485.00,"5,335.00"
2026-02-25,1075,2026022505012765,GVL,47,42,50,485.00,"24,250.00"
2026-02-25,1076,2026022505012764,GVL,47,55,500,485.00,"242,500.00"
2026-02-25,1077,2026022505012763,GVL,47,42,600,485.00,"291,000.00"
2026-02-25,1078,2026022505012872,HATHY,58,52,10,902.00,"9,020.00"
2026-02-25,1079,2026022505012799,HATHY,63,55,66,901.00,"59,466.00"
2026-02-25,1080,2026022505012798,HATHY,59,55,34,901.30,"30,644.20"
2026-02-25,1081,2026022505012620,HATHY,59,57,10,901.30,"9,013.00"
2026-02-25,1082,2026022505013046,HDL,38,10,485,"1,137.00","551,445.00"
2026-02-25,1083,2026022505013045,HDL,14,10,150,"1,137.10","170,565.00"
2026-02-25,1084,2026022505013044,HDL,59,10,20,"1,137.50","22,750.00"
2026-02-25,1085,2026022505013043,HDL,57,10,30,"1,137.50","34,125.00"
2026-02-25,1086,2026022505013042,HDL,41,10,50,"1,137.70","56,885.00"
2026-02-25,1087,2026022505012608,HDL,16,16,10,"1,137.80","11,378.00"
2026-02-25,1088,2026022505012585,HDL,16,6,36,"1,137.80","40,960.80"
2026-02-25,1089,2026022505012741,HDL,35,39,16,"1,138.00","18,208.00"
2026-02-25,1090,2026022505012684,HDL,35,29,72,"1,138.00","81,936.00"
2026-02-25,1091,2026022505012800,HDL,33,39,50,"1,138.00","56,900.00"
2026-02-25,1092,2026022505012962,HDL,41,44,50,"1,137.80","56,890.00"
2026-02-25,1093,2026022505013014,HDL,17,39,132,"1,138.00","150,216.00"
2026-02-25,1094,2026022505013041,HDL,58,10,100,"1,137.70","113,770.00"
2026-02-25,1095,2026022505013040,HDL,35,10,85,"1,137.70","96,704.50"
2026-02-25,1096,2026022505013039,HDL,44,10,23,"1,137.70","26,167.10"
2026-02-25,1097,2026022505013038,HDL,41,10,250,"1,137.80","284,450.00"
2026-02-25,1098,2026022505013058,HHL,58,36,50,332.80,"16,640.00"
2026-02-25,1099,2026022505012810,HHL,49,36,90,333.90,"30,051.00"
2026-02-25,1100,2026022505012575,HHL,58,58,30,332.80,"9,984.00"
2026-02-25,1101,2026022505013052,HIDCL,49,50,70,258.00,"18,060.00"
2026-02-25,1102,2026022505012871,HIDCL,58,6,94,258.50,"24,299.00"
2026-02-25,1103,2026022505012830,HIDCL,49,51,30,258.00,"7,740.00"
2026-02-25,1104,2026022505012760,HIDCL,49,82,165,258.00,"42,570.00"
2026-02-25,1105,2026022505012759,HIDCL,46,82,12,258.00,"3,096.00"
2026-02-25,1106,2026022505012758,HIDCL,32,82,"1,000",258.00,"258,000.00"
2026-02-25,1107,2026022505012615,HIDCL,58,58,400,258.10,"103,240.00"
2026-02-25,1108,2026022505012751,HIDCL,57,82,83,258.00,"21,414.00"
2026-02-25,1109,2026022505012750,HIDCL,38,82,260,258.10,"67,106.00"
2026-02-25,1110,2026022505012679,HIDCL,38,52,100,258.10,"25,810.00"
2026-02-25,1111,2026022505012648,HIDCL,38,34,420,258.10,"108,402.00"
2026-02-25,1112,2026022505012647,HIDCL,47,34,200,258.10,"51,620.00"
2026-02-25,1113,2026022505012646,HIDCL,58,34,380,258.10,"98,078.00"
2026-02-25,1114,2026022505012757,HIDCL,39,82,50,258.00,"12,900.00"
2026-02-25,1115,2026022505012756,HIDCL,4,82,600,258.00,"154,800.00"
2026-02-25,1116,2026022505012755,HIDCL,57,82,250,258.00,"64,500.00"
2026-02-25,1117,2026022505012754,HIDCL,49,82,200,258.00,"51,600.00"
2026-02-25,1118,2026022505012753,HIDCL,62,82,15,258.00,"3,870.00"
2026-02-25,1119,2026022505012752,HIDCL,45,82,500,258.00,"129,000.00"
2026-02-25,1120,2026022505012971,HRL,55,38,44,838.00,"36,872.00"
2026-02-25,1121,2026022505012970,HRL,55,55,50,838.00,"41,900.00"
2026-02-25,1122,2026022505012969,HRL,55,47,32,837.00,"26,784.00"
2026-02-25,1123,2026022505012968,HRL,55,69,30,837.00,"25,110.00"
2026-02-25,1124,2026022505012967,HRL,55,16,25,837.00,"20,925.00"
2026-02-25,1125,2026022505012582,HRL,62,95,215,836.40,"179,826.00"
2026-02-25,1126,2026022505012581,HRL,58,95,140,836.50,"117,110.00"
2026-02-25,1127,2026022505012580,HRL,49,95,75,836.70,"62,752.50"
2026-02-25,1128,2026022505012579,HRL,58,95,20,836.80,"16,736.00"
2026-02-25,1129,2026022505012578,HRL,58,95,50,837.00,"41,850.00"
2026-02-25,1130,2026022505012729,HRL,45,22,133,837.00,"111,321.00"
2026-02-25,1131,2026022505012706,HRL,45,6,21,837.00,"17,577.00"
2026-02-25,1132,2026022505012632,HRL,62,99,100,836.40,"83,640.00"
2026-02-25,1133,2026022505012948,HRL,70,16,60,837.00,"50,220.00"
2026-02-25,1134,2026022505012829,HRL,1,16,100,837.00,"83,700.00"
2026-02-25,1135,2026022505012828,HRL,45,16,115,837.00,"96,255.00"
2026-02-25,1136,2026022505012825,HRL,49,29,500,837.90,"418,950.00"
2026-02-25,1137,2026022505012808,HRL,45,92,21,837.00,"17,577.00"
2026-02-25,1138,2026022505012790,HRL,45,58,10,837.00,"8,370.00"
2026-02-25,1139,2026022505012924,IHL,53,58,10,510.10,"5,101.00"
2026-02-25,1140,2026022505013023,ILI,26,35,2,433.00,866.00
2026-02-25,1141,2026022505012802,ILI,5,58,50,441.50,"22,075.00"
2026-02-25,1142,2026022505012666,ILI,43,4,12,440.10,"5,281.20"
2026-02-25,1143,2026022505012657,ILI,43,28,12,441.00,"5,292.00"
2026-02-25,1144,2026022505012631,ILI,43,53,100,440.10,"44,010.00"
2026-02-25,1145,2026022505012769,KEF,58,58,100,9.26,926.00
2026-02-25,1146,2026022505012881,MANDU,34,48,48,810.00,"38,880.00"
2026-02-25,1147,2026022505013060,MBJC,26,42,113,290.00,"32,770.00"
2026-02-25,1148,2026022505013059,MBJC,26,41,47,290.00,"13,630.00"
2026-02-25,1149,2026022505012852,MBJC,42,41,43,290.00,"12,470.00"
2026-02-25,1150,2026022505012851,MBJC,42,17,10,290.00,"2,900.00"
2026-02-25,1151,2026022505012850,MBJC,42,60,250,290.00,"72,500.00"
2026-02-25,1152,2026022505012849,MBJC,42,54,90,290.00,"26,100.00"
2026-02-25,1153,2026022505012634,MBJC,32,33,310,289.00,"89,590.00"
2026-02-25,1154,2026022505012697,MBJC,1,44,10,289.00,"2,890.00"
2026-02-25,1155,2026022505012696,MBJC,1,6,10,289.00,"2,890.00"
2026-02-25,1156,2026022505012695,MBJC,1,42,10,289.00,"2,890.00"
2026-02-25,1157,2026022505012694,MBJC,1,57,41,289.00,"11,849.00"
2026-02-25,1158,2026022505012693,MBJC,1,42,50,288.90,"14,445.00"
2026-02-25,1159,2026022505012635,MBJC,32,57,49,289.00,"14,161.00"
2026-02-25,1160,2026022505012703,MBJC,1,42,700,289.70,"202,790.00"
2026-02-25,1161,2026022505012702,MBJC,1,58,10,289.70,"2,897.00"
2026-02-25,1162,2026022505012701,MBJC,1,6,610,289.70,"176,717.00"
2026-02-25,1163,2026022505012700,MBJC,1,35,39,289.50,"11,290.50"
2026-02-25,1164,2026022505012699,MBJC,1,35,200,289.50,"57,900.00"
2026-02-25,1165,2026022505012698,MBJC,1,49,10,289.00,"2,890.00"
2026-02-25,1166,2026022505012836,MBJC,42,34,87,290.00,"25,230.00"
2026-02-25,1167,2026022505012835,MBJC,42,51,300,289.90,"86,970.00"
2026-02-25,1168,2026022505012834,MBJC,42,44,300,289.80,"86,940.00"
2026-02-25,1169,2026022505012832,MBJC,26,55,50,288.50,"14,425.00"
2026-02-25,1170,2026022505012831,MBJC,1,55,40,289.70,"11,588.00"
2026-02-25,1171,2026022505012709,MBJC,1,51,90,289.70,"26,073.00"
2026-02-25,1172,2026022505012842,MBJC,42,58,10,290.00,"2,900.00"
2026-02-25,1173,2026022505012841,MBJC,42,52,10,290.00,"2,900.00"
2026-02-25,1174,2026022505012840,MBJC,42,48,10,290.00,"2,900.00"
2026-02-25,1175,2026022505012839,MBJC,42,48,90,290.00,"26,100.00"
2026-02-25,1176,2026022505012838,MBJC,42,21,150,290.00,"43,500.00"
2026-02-25,1177,2026022505012837,MBJC,42,34,10,290.00,"2,900.00"
2026-02-25,1178,2026022505012848,MBJC,42,58,10,290.00,"2,900.00"
2026-02-25,1179,2026022505012847,MBJC,42,44,10,290.00,"2,900.00"
2026-02-25,1180,2026022505012846,MBJC,42,49,100,290.00,"29,000.00"
2026-02-25,1181,2026022505012845,MBJC,42,58,10,290.00,"2,900.00"
2026-02-25,1182,2026022505012844,MBJC,42,58,10,290.00,"2,900.00"
2026-02-25,1183,2026022505012843,MBJC,42,5,500,290.00,"145,000.00"
2026-02-25,1184,2026022505012744,MEHL,33,42,200,433.10,"86,620.00"
2026-02-25,1185,2026022505012719,MEHL,33,51,200,433.10,"86,620.00"
2026-02-25,1186,2026022505012571,MEHL,33,47,10,433.10,"4,331.00"
2026-02-25,1187,2026022505012955,MEL,95,1,96,280.00,"26,880.00"
2026-02-25,1188,2026022505012618,MEL,13,1,150,280.00,"42,000.00"
2026-02-25,1189,2026022505012605,MEL,54,1,50,280.00,"14,000.00"
2026-02-25,1190,2026022505012604,MEL,74,1,104,280.00,"29,120.00"
2026-02-25,1191,2026022505012987,MHCL,52,10,100,337.50,"33,750.00"
2026-02-25,1192,2026022505012789,MHCL,52,22,90,337.50,"30,375.00"
2026-02-25,1193,2026022505012788,MHCL,45,22,10,337.50,"3,375.00"
2026-02-25,1194,2026022505012947,MHL,21,4,10,520.00,"5,200.00"
2026-02-25,1195,2026022505012803,MHL,21,58,200,520.00,"104,000.00"
2026-02-25,1196,2026022505013011,MKHC,6,3,285,315.00,"89,775.00"
2026-02-25,1197,2026022505013010,MKHC,42,3,361,315.10,"113,751.10"
2026-02-25,1198,2026022505013009,MKHC,42,91,200,315.10,"63,020.00"
2026-02-25,1199,2026022505012990,MKHC,42,3,439,315.10,"138,328.90"
2026-02-25,1200,2026022505012989,MKHC,17,3,500,315.10,"157,550.00"
2026-02-25,1201,2026022505012988,MKHC,54,3,30,315.30,"9,459.00"
2026-02-25,1202,2026022505012681,MKHC,22,38,280,315.80,"88,424.00"
2026-02-25,1203,2026022505012680,MKHC,22,58,190,315.70,"59,983.00"
2026-02-25,1204,2026022505013063,MKJC,62,55,30,526.00,"15,780.00"
2026-02-25,1205,2026022505013062,MKJC,56,55,70,526.10,"36,827.00"
2026-02-25,1206,2026022505012957,MKJC,45,55,10,527.00,"5,270.00"
2026-02-25,1207,2026022505012606,MKJC,33,29,90,529.00,"47,610.00"
2026-02-25,1208,2026022505012923,MMKJL,35,55,10,558.00,"5,580.00"
2026-02-25,1209,2026022505012570,NICFC,7,58,100,9.20,920.00
2026-02-25,1210,2026022505013013,NIFRA,58,80,118,259.60,"30,632.80"
2026-02-25,1211,2026022505012963,NIFRA,57,45,485,259.50,"125,857.50"
2026-02-25,1212,2026022505012866,NIFRA,57,14,319,259.50,"82,780.50"
2026-02-25,1213,2026022505012865,NIFRA,35,14,105,259.50,"27,247.50"
2026-02-25,1214,2026022505012864,NIFRA,42,14,76,259.50,"19,722.00"
2026-02-25,1215,2026022505012761,NIFRA,42,42,10,259.50,"2,595.00"
2026-02-25,1216,2026022505012717,NIFRA,58,80,182,259.60,"47,247.20"
2026-02-25,1217,2026022505012713,NIFRA,58,28,54,259.60,"14,018.40"
2026-02-25,1218,2026022505012704,NIFRA,58,42,64,259.60,"16,614.40"
2026-02-25,1219,2026022505012622,NIFRA,58,80,500,259.60,"129,800.00"
2026-02-25,1220,2026022505013031,NRM,3,50,493,418.00,"206,074.00"
2026-02-25,1221,2026022505013030,NRM,1,50,71,418.00,"29,678.00"
2026-02-25,1222,2026022505013029,NRM,49,50,16,418.00,"6,688.00"
2026-02-25,1223,2026022505013028,NRM,44,50,90,418.10,"37,629.00"
2026-02-25,1224,2026022505013027,NRM,48,50,80,418.10,"33,448.00"
2026-02-25,1225,2026022505013026,NRM,58,50,250,418.20,"104,550.00"
2026-02-25,1226,2026022505012692,NRM,48,49,10,418.10,"4,181.00"
2026-02-25,1227,2026022505013061,NRN,91,47,100,"1,524.00","152,400.00"
2026-02-25,1228,2026022505012650,NRN,39,65,220,"1,522.00","334,840.00"
2026-02-25,1229,2026022505012639,NRN,91,36,150,"1,522.10","228,315.00"
2026-02-25,1230,2026022505012638,NRN,49,36,20,"1,522.20","30,444.00"
2026-02-25,1231,2026022505012873,NRN,39,101,445,"1,522.00","677,290.00"
2026-02-25,1232,2026022505012858,NRN,39,1,55,"1,522.00","83,710.00"
2026-02-25,1233,2026022505012857,NRN,1,1,100,"1,522.00","152,200.00"
2026-02-25,1234,2026022505012856,NRN,39,1,130,"1,522.00","197,860.00"
2026-02-25,1235,2026022505012855,NRN,43,1,45,"1,522.20","68,499.00"
2026-02-25,1236,2026022505012934,NRN,6,91,450,"1,521.10","684,495.00"
2026-02-25,1237,2026022505012878,NRN,6,48,761,"1,521.10","1,157,557.10"
2026-02-25,1238,2026022505012877,NRN,32,48,100,"1,521.10","152,110.00"
2026-02-25,1239,2026022505012876,NRN,32,48,100,"1,521.20","152,120.00"
2026-02-25,1240,2026022505012875,NRN,34,48,39,"1,521.30","59,330.70"
2026-02-25,1241,2026022505013022,NRN,39,6,100,"1,522.00","152,200.00"
2026-02-25,1242,2026022505013021,NRN,39,101,55,"1,522.00","83,710.00"
2026-02-25,1243,2026022505012883,NTC,49,46,10,853.00,"8,530.00"
2026-02-25,1244,2026022505012882,NTC,49,21,20,853.00,"17,060.00"
2026-02-25,1245,2026022505012710,NYADI,52,38,10,394.00,"3,940.00"
2026-02-25,1246,2026022505012651,NYADI,52,13,167,394.00,"65,798.00"
2026-02-25,1247,2026022505012624,NYADI,52,52,40,394.00,"15,760.00"
2026-02-25,1248,2026022505012993,PHCL,51,50,10,286.00,"2,860.00"
2026-02-25,1249,2026022505012930,PHCL,38,17,10,285.60,"2,856.00"
2026-02-25,1250,2026022505012801,PHCL,52,39,10,286.50,"2,865.00"
2026-02-25,1251,2026022505012749,PHCL,52,45,70,286.00,"20,020.00"
2026-02-25,1252,2026022505012748,PHCL,56,45,10,286.00,"2,860.00"
2026-02-25,1253,2026022505012747,PHCL,51,45,170,286.00,"48,620.00"
2026-02-25,1254,2026022505012708,PHCL,51,4,100,286.00,"28,600.00"
2026-02-25,1255,2026022505012707,PHCL,51,45,230,286.00,"65,780.00"
2026-02-25,1256,2026022505012662,PHCL,58,45,80,286.00,"22,880.00"
2026-02-25,1257,2026022505012590,PHCL,59,45,40,286.00,"11,440.00"
2026-02-25,1258,2026022505013025,PPL,51,56,80,378.90,"30,312.00"
2026-02-25,1259,2026022505013024,PPL,58,56,400,378.90,"151,560.00"
2026-02-25,1260,2026022505012633,PPL,94,17,285,380.50,"108,442.50"
2026-02-25,1261,2026022505012626,PPL,44,56,50,380.00,"19,000.00"
2026-02-25,1262,2026022505012992,RFPL,58,6,30,391.00,"11,730.00"
2026-02-25,1263,2026022505012991,RFPL,26,6,75,391.00,"29,325.00"
2026-02-25,1264,2026022505012960,RFPL,58,53,100,391.00,"39,100.00"
2026-02-25,1265,2026022505012922,RFPL,14,10,100,391.00,"39,100.00"
2026-02-25,1266,2026022505012921,RFPL,35,10,50,391.00,"19,550.00"
2026-02-25,1267,2026022505012920,RFPL,11,10,500,391.00,"195,500.00"
2026-02-25,1268,2026022505012678,RFPL,54,58,80,391.30,"31,304.00"
2026-02-25,1269,2026022505012796,RFPL,17,62,20,391.30,"7,826.00"
2026-02-25,1270,2026022505012795,RFPL,52,62,20,391.30,"7,826.00"
2026-02-25,1271,2026022505012794,RFPL,94,62,100,391.30,"39,130.00"
2026-02-25,1272,2026022505012793,RFPL,54,62,20,391.30,"7,826.00"
2026-02-25,1273,2026022505012792,RFPL,57,62,50,391.50,"19,575.00"
2026-02-25,1274,2026022505012791,RFPL,22,62,250,392.00,"98,000.00"
2026-02-25,1275,2026022505012919,RFPL,75,10,"2,755",391.00,"1,077,205.00"
2026-02-25,1276,2026022505012918,RFPL,22,10,40,391.10,"15,644.00"
2026-02-25,1277,2026022505012917,RFPL,42,10,80,391.10,"31,288.00"
2026-02-25,1278,2026022505012916,RFPL,22,10,260,391.20,"101,712.00"
2026-02-25,1279,2026022505012915,RFPL,58,10,207,391.40,"81,019.80"
2026-02-25,1280,2026022505012797,RFPL,22,62,40,391.20,"15,648.00"
2026-02-25,1281,2026022505013066,RHGCL,58,49,200,272.00,"54,400.00"
2026-02-25,1282,2026022505013055,RHGCL,26,49,300,272.00,"81,600.00"
2026-02-25,1283,2026022505012854,RHGCL,16,32,630,271.00,"170,730.00"
2026-02-25,1284,2026022505012853,RHGCL,58,32,40,271.00,"10,840.00"
2026-02-25,1285,2026022505012630,RHGCL,58,58,10,271.00,"2,710.00"
2026-02-25,1286,2026022505012629,RHGCL,4,32,120,272.00,"32,640.00"
2026-02-25,1287,2026022505012628,RHGCL,4,25,60,271.90,"16,314.00"
2026-02-25,1288,2026022505012627,RHGCL,4,47,10,271.80,"2,718.00"
2026-02-25,1289,2026022505013047,RMF1,58,39,100,9.75,975.00
2026-02-25,1290,2026022505012867,RMF1,40,26,100,9.75,975.00
2026-02-25,1291,2026022505012980,RNLI,94,50,28,468.10,"13,106.80"
2026-02-25,1292,2026022505012979,RNLI,94,54,12,468.10,"5,617.20"
2026-02-25,1293,2026022505012978,RNLI,94,41,12,468.10,"5,617.20"
2026-02-25,1294,2026022505012977,RNLI,94,59,50,468.00,"23,400.00"
2026-02-25,1295,2026022505012976,RNLI,94,49,200,468.00,"93,600.00"
2026-02-25,1296,2026022505012598,RNLI,35,45,12,465.00,"5,580.00"
2026-02-25,1297,2026022505012572,RNLI,38,35,12,464.40,"5,572.80"
2026-02-25,1298,2026022505012772,RNLI,94,57,700,466.60,"326,620.00"
2026-02-25,1299,2026022505012771,RNLI,94,33,50,466.00,"23,300.00"
2026-02-25,1300,2026022505012770,RNLI,94,58,20,466.00,"9,320.00"
2026-02-25,1301,2026022505012745,RNLI,45,45,27,465.00,"12,555.00"
2026-02-25,1302,2026022505012778,RNLI,94,45,247,466.90,"115,324.30"
2026-02-25,1303,2026022505012777,RNLI,94,22,12,466.80,"5,601.60"
2026-02-25,1304,2026022505012776,RNLI,94,34,10,466.80,"4,668.00"
2026-02-25,1305,2026022505012775,RNLI,94,42,12,466.80,"5,601.60"
2026-02-25,1306,2026022505012774,RNLI,94,57,449,466.80,"209,593.20"
2026-02-25,1307,2026022505012773,RNLI,94,29,500,466.70,"233,350.00"
2026-02-25,1308,2026022505012895,RNLI,94,38,12,467.00,"5,604.00"
2026-02-25,1309,2026022505012894,RNLI,94,32,12,467.00,"5,604.00"
2026-02-25,1310,2026022505012893,RNLI,94,29,133,467.00,"62,111.00"
2026-02-25,1311,2026022505012892,RNLI,94,40,150,466.50,"69,975.00"
2026-02-25,1312,2026022505012827,RNLI,3,29,367,467.00,"171,389.00"
2026-02-25,1313,2026022505012826,RNLI,3,45,133,466.90,"62,097.70"
2026-02-25,1314,2026022505012901,RNLI,94,57,12,467.00,"5,604.00"
2026-02-25,1315,2026022505012900,RNLI,94,42,21,467.00,"9,807.00"
2026-02-25,1316,2026022505012899,RNLI,94,55,12,467.00,"5,604.00"
2026-02-25,1317,2026022505012898,RNLI,94,45,12,467.00,"5,604.00"
2026-02-25,1318,2026022505012897,RNLI,94,45,12,467.00,"5,604.00"
2026-02-25,1319,2026022505012896,RNLI,94,34,12,467.00,"5,604.00"
2026-02-25,1320,2026022505012907,RNLI,94,7,50,467.10,"23,355.00"
2026-02-25,1321,2026022505012906,RNLI,94,21,12,467.10,"5,605.20"
2026-02-25,1322,2026022505012905,RNLI,94,4,100,467.00,"46,700.00"
2026-02-25,1323,2026022505012904,RNLI,94,54,10,467.00,"4,670.00"
2026-02-25,1324,2026022505012903,RNLI,94,40,100,467.00,"46,700.00"
2026-02-25,1325,2026022505012902,RNLI,94,51,57,467.00,"26,619.00"
2026-02-25,1326,2026022505012912,RNLI,94,34,972,467.10,"454,021.20"
2026-02-25,1327,2026022505012911,RNLI,94,50,12,467.10,"5,605.20"
2026-02-25,1328,2026022505012910,RNLI,94,62,287,467.10,"134,057.70"
2026-02-25,1329,2026022505012909,RNLI,94,57,999,467.10,"466,632.90"
2026-02-25,1330,2026022505012908,RNLI,94,54,13,467.10,"6,072.30"
2026-02-25,1331,2026022505012975,RNLI,94,42,10,468.00,"4,680.00"
2026-02-25,1332,2026022505012974,RNLI,94,58,10,468.00,"4,680.00"
2026-02-25,1333,2026022505012973,RNLI,94,59,250,467.90,"116,975.00"
2026-02-25,1334,2026022505012972,RNLI,94,34,28,467.10,"13,078.80"
2026-02-25,1335,2026022505012884,SAGF,17,8,100,10.01,"1,001.00"
2026-02-25,1336,2026022505013048,SAHAS,58,38,13,561.20,"7,295.60"
2026-02-25,1337,2026022505013036,SAHAS,58,21,200,562.00,"112,400.00"
2026-02-25,1338,2026022505013035,SAHAS,76,21,27,562.00,"15,174.00"
2026-02-25,1339,2026022505013034,SAHAS,38,21,193,562.00,"108,466.00"
2026-02-25,1340,2026022505013033,SAHAS,42,21,157,562.00,"88,234.00"
2026-02-25,1341,2026022505012805,SAHAS,42,44,13,562.00,"7,306.00"
2026-02-25,1342,2026022505013051,SANVI,58,57,10,821.90,"8,219.00"
2026-02-25,1343,2026022505012879,SANVI,48,45,100,809.70,"80,970.00"
2026-02-25,1344,2026022505012818,SANVI,48,45,378,809.70,"306,066.60"
2026-02-25,1345,2026022505012817,SANVI,50,45,17,809.70,"13,764.90"
2026-02-25,1346,2026022505012816,SANVI,36,45,155,810.00,"125,550.00"
2026-02-25,1347,2026022505012815,SANVI,56,45,10,810.00,"8,100.00"
2026-02-25,1348,2026022505012814,SANVI,71,45,70,810.10,"56,707.00"
2026-02-25,1349,2026022505012813,SANVI,14,45,20,810.20,"16,204.00"
2026-02-25,1350,2026022505012812,SANVI,49,45,50,810.30,"40,515.00"
2026-02-25,1351,2026022505012807,SANVI,58,14,10,821.00,"8,210.00"
2026-02-25,1352,2026022505012656,SANVI,58,22,10,815.00,"8,150.00"
2026-02-25,1353,2026022505013037,SGHC,52,45,100,395.00,"39,500.00"
2026-02-25,1354,2026022505012689,SGHC,58,57,71,394.00,"27,974.00"
2026-02-25,1355,2026022505012688,SGHC,58,57,12,394.00,"4,728.00"
2026-02-25,1356,2026022505012687,SGHC,6,57,50,394.00,"19,700.00"
2026-02-25,1357,2026022505012677,SGHC,45,57,"1,000",395.00,"395,000.00"
2026-02-25,1358,2026022505012676,SGHC,16,57,"1,000",395.00,"395,000.00"
2026-02-25,1359,2026022505012669,SGHC,42,57,110,395.10,"43,461.00"
2026-02-25,1360,2026022505012668,SGHC,39,57,440,395.20,"173,888.00"
2026-02-25,1361,2026022505012675,SGHC,6,57,20,395.00,"7,900.00"
2026-02-25,1362,2026022505012674,SGHC,19,57,"1,262",395.00,"498,490.00"
2026-02-25,1363,2026022505012673,SGHC,52,57,300,395.00,"118,500.00"
2026-02-25,1364,2026022505012672,SGHC,48,57,400,395.00,"158,000.00"
2026-02-25,1365,2026022505012671,SGHC,48,57,100,395.00,"39,500.00"
2026-02-25,1366,2026022505012670,SGHC,48,57,235,395.00,"92,825.00"
2026-02-25,1367,2026022505012821,SHIVM,58,38,20,612.40,"12,248.00"
2026-02-25,1368,2026022505012665,SHIVM,56,70,312,611.40,"190,756.80"
2026-02-25,1369,2026022505012664,SHIVM,42,70,100,612.00,"61,200.00"
2026-02-25,1370,2026022505012663,SHIVM,55,70,100,612.10,"61,210.00"
2026-02-25,1371,2026022505012603,SHIVM,45,17,10,612.10,"6,121.00"
2026-02-25,1372,2026022505012589,SHIVM,28,32,56,613.00,"34,328.00"
2026-02-25,1373,2026022505012588,SHIVM,28,48,14,613.00,"8,582.00"
2026-02-25,1374,2026022505012587,SHIVM,28,47,25,613.00,"15,325.00"
2026-02-25,1375,2026022505012746,SIGS2,19,17,300,9.88,"2,964.00"
2026-02-25,1376,2026022505012959,SIKLES,7,42,121,600.00,"72,600.00"
2026-02-25,1377,2026022505012958,SIKLES,49,42,100,600.00,"60,000.00"
2026-02-25,1378,2026022505012887,SIKLES,48,42,70,600.10,"42,007.00"
2026-02-25,1379,2026022505012886,SIKLES,6,42,249,600.10,"149,424.90"
2026-02-25,1380,2026022505012833,SIKLES,42,42,100,602.00,"60,200.00"
2026-02-25,1381,2026022505012806,SIKLES,33,42,110,602.00,"66,220.00"
2026-02-25,1382,2026022505013065,SMH,44,40,10,643.00,"6,430.00"
2026-02-25,1383,2026022505012935,SMH,58,42,15,642.50,"9,637.50"
2026-02-25,1384,2026022505012870,SMH,62,40,11,645.00,"7,095.00"
2026-02-25,1385,2026022505012869,SMH,62,40,39,645.00,"25,155.00"
2026-02-25,1386,2026022505012712,SMH,44,40,51,645.00,"32,895.00"
2026-02-25,1387,2026022505012705,SMH,28,40,10,645.00,"6,450.00"
2026-02-25,1388,2026022505012636,SMH,44,56,36,645.00,"23,220.00"
2026-02-25,1389,2026022505012891,SMHL,13,39,30,463.50,"13,905.00"
2026-02-25,1390,2026022505012728,SMHL,19,39,50,463.50,"23,175.00"
2026-02-25,1391,2026022505012714,SMHL,19,39,150,463.50,"69,525.00"
2026-02-25,1392,2026022505013007,SMJC,5,4,55,470.00,"25,850.00"
2026-02-25,1393,2026022505013006,SMJC,49,4,210,470.00,"98,700.00"
2026-02-25,1394,2026022505013005,SMJC,60,4,734,470.00,"344,980.00"
2026-02-25,1395,2026022505013004,SMJC,57,4,40,470.10,"18,804.00"
2026-02-25,1396,2026022505013003,SMJC,81,4,120,470.10,"56,412.00"
2026-02-25,1397,2026022505013002,SMJC,43,4,100,470.60,"47,060.00"
2026-02-25,1398,2026022505012995,SMJC,36,4,15,471.70,"7,075.50"
2026-02-25,1399,2026022505012994,SMJC,36,4,10,471.90,"4,719.00"
2026-02-25,1400,2026022505012965,SMJC,14,89,350,472.00,"165,200.00"
2026-02-25,1401,2026022505012964,SMJC,8,89,10,472.00,"4,720.00"
2026-02-25,1402,2026022505012691,SMJC,14,89,40,472.00,"18,880.00"
2026-02-25,1403,2026022505013001,SMJC,62,4,200,471.00,"94,200.00"
2026-02-25,1404,2026022505013000,SMJC,38,4,500,471.00,"235,500.00"
2026-02-25,1405,2026022505012999,SMJC,58,4,196,471.00,"92,316.00"
2026-02-25,1406,2026022505012998,SMJC,34,4,299,471.00,"140,829.00"
2026-02-25,1407,2026022505012997,SMJC,17,4,200,471.10,"94,220.00"
2026-02-25,1408,2026022505012996,SMJC,13,4,100,471.20,"47,120.00"
2026-02-25,1409,2026022505013032,SONA,44,40,200,423.90,"84,780.00"
2026-02-25,1410,2026022505012956,SONA,47,55,10,422.20,"4,222.00"
2026-02-25,1411,2026022505012623,SONA,42,22,10,422.10,"4,221.00"
2026-02-25,1412,2026022505013054,SPC,52,42,40,489.00,"19,560.00"
2026-02-25,1413,2026022505013053,SPC,26,42,10,489.10,"4,891.00"
2026-02-25,1414,2026022505013015,SPC,29,4,30,490.00,"14,700.00"
2026-02-25,1415,2026022505012946,SPC,42,4,55,490.00,"26,950.00"
2026-02-25,1416,2026022505012945,SPC,70,4,100,490.00,"49,000.00"
2026-02-25,1417,2026022505012944,SPC,34,4,336,490.00,"164,640.00"
2026-02-25,1418,2026022505012937,SPC,41,4,20,492.00,"9,840.00"
2026-02-25,1419,2026022505012936,SPC,45,4,50,492.00,"24,600.00"
2026-02-25,1420,2026022505012943,SPC,34,4,"1,000",490.00,"490,000.00"
2026-02-25,1421,2026022505012942,SPC,58,4,60,490.00,"29,400.00"
2026-02-25,1422,2026022505012941,SPC,52,4,200,490.00,"98,000.00"
2026-02-25,1423,2026022505012940,SPC,21,4,"1,000",490.10,"490,100.00"
2026-02-25,1424,2026022505012939,SPC,43,4,50,490.10,"24,505.00"
2026-02-25,1425,2026022505012938,SPC,29,4,50,490.20,"24,510.00"
2026-02-25,1426,2026022505013020,STC,39,45,50,"5,819.00","290,950.00"
2026-02-25,1427,2026022505012640,STC,45,57,50,"5,821.00","291,050.00"
2026-02-25,1428,2026022505012577,STC,16,77,88,"5,818.00","511,984.00"
2026-02-25,1429,2026022505012576,STC,54,77,12,"5,821.00","69,852.00"
2026-02-25,1430,2026022505013008,TAMOR,58,50,100,414.00,"41,400.00"
2026-02-25,1431,2026022505012888,TAMOR,4,45,40,415.00,"16,600.00"
2026-02-25,1432,2026022505012690,TAMOR,4,45,"1,000",415.00,"415,000.00"
2026-02-25,1433,2026022505012592,TAMOR,58,34,38,414.00,"15,732.00"
2026-02-25,1434,2026022505012954,TPC,14,64,854,382.70,"326,825.80"
2026-02-25,1435,2026022505012953,TPC,32,64,500,382.80,"191,400.00"
2026-02-25,1436,2026022505012952,TPC,16,64,500,382.80,"191,400.00"
2026-02-25,1437,2026022505012951,TPC,1,64,"1,646",383.00,"630,418.00"
2026-02-25,1438,2026022505012824,TPC,59,57,"1,000",383.00,"383,000.00"
2026-02-25,1439,2026022505012616,TPC,34,28,"1,400",383.90,"537,460.00"
2026-02-25,1440,2026022505012591,TPC,45,28,500,383.90,"191,950.00"
2026-02-25,1441,2026022505012823,TPC,39,57,100,383.00,"38,300.00"
2026-02-25,1442,2026022505012822,TPC,1,57,218,383.00,"83,494.00"
2026-02-25,1443,2026022505012730,TPC,1,8,485,383.00,"185,755.00"
2026-02-25,1444,2026022505012642,TPC,34,8,15,384.00,"5,760.00"
2026-02-25,1445,2026022505012641,TPC,34,3,300,384.00,"115,200.00"
2026-02-25,1446,2026022505012617,TPC,34,84,"3,285",384.00,"1,261,440.00"
2026-02-25,1447,2026022505013067,TVCL,101,51,185,657.00,"121,545.00"
2026-02-25,1448,2026022505012928,TVCL,101,17,200,657.00,"131,400.00"
2026-02-25,1449,2026022505012927,TVCL,101,49,500,657.00,"328,500.00"
2026-02-25,1450,2026022505012926,TVCL,101,42,20,657.00,"13,140.00"
2026-02-25,1451,2026022505012925,TVCL,101,34,30,657.00,"19,710.00"
2026-02-25,1452,2026022505012868,TVCL,101,38,30,655.00,"19,650.00"
2026-02-25,1453,2026022505012783,TVCL,101,26,150,653.00,"97,950.00"
2026-02-25,1454,2026022505012782,TVCL,101,4,10,653.00,"6,530.00"
2026-02-25,1455,2026022505012781,TVCL,101,22,30,653.00,"19,590.00"
2026-02-25,1456,2026022505012780,TVCL,101,41,100,653.00,"65,300.00"
2026-02-25,1457,2026022505012718,TVCL,35,60,"2,000",650.20,"1,300,400.00"
2026-02-25,1458,2026022505012574,TVCL,35,6,10,650.20,"6,502.00"
2026-02-25,1459,2026022505012811,TVCL,101,60,500,655.00,"327,500.00"
2026-02-25,1460,2026022505012804,TVCL,101,58,100,655.00,"65,500.00"
2026-02-25,1461,2026022505012787,TVCL,101,34,"2,000",655.00,"1,310,000.00"
2026-02-25,1462,2026022505012786,TVCL,101,58,100,655.00,"65,500.00"
2026-02-25,1463,2026022505012785,TVCL,101,34,20,655.00,"13,100.00"
2026-02-25,1464,2026022505012784,TVCL,101,42,100,654.90,"65,490.00"
2026-02-25,1465,2026022505013049,ULHC,58,17,20,553.00,"11,060.00"
2026-02-25,1466,2026022505013019,ULHC,58,18,350,553.00,"193,550.00"
2026-02-25,1467,2026022505013018,ULHC,50,18,150,553.10,"82,965.00"
2026-02-25,1468,2026022505012929,ULHC,7,52,500,554.00,"277,000.00"
2026-02-25,1469,2026022505012914,ULHC,64,52,389,554.00,"215,506.00"
2026-02-25,1470,2026022505012913,ULHC,64,52,111,554.00,"61,494.00"
2026-02-25,1471,2026022505012612,ULHC,17,32,95,552.00,"52,440.00"
2026-02-25,1472,2026022505012611,ULHC,17,38,470,551.90,"259,393.00"
2026-02-25,1473,2026022505012601,ULHC,50,29,10,551.20,"5,512.00"
2026-02-25,1474,2026022505012586,ULHC,50,6,10,551.20,"5,512.00"
2026-02-25,1475,2026022505012569,ULHC,58,34,60,551.10,"33,066.00"
2026-02-25,1476,2026022505012568,ULHC,58,38,30,551.90,"16,557.00"
2026-02-25,1477,2026022505012645,ULHC,16,41,100,552.00,"55,200.00"
2026-02-25,1478,2026022505012644,ULHC,55,41,200,552.00,"110,400.00"
2026-02-25,1479,2026022505012643,ULHC,45,41,50,552.00,"27,600.00"
2026-02-25,1480,2026022505012621,ULHC,54,41,40,552.00,"22,080.00"
2026-02-25,1481,2026022505012614,ULHC,17,41,95,552.00,"52,440.00"
2026-02-25,1482,2026022505012613,ULHC,17,36,340,552.00,"187,680.00"
2026-02-25,1483,2026022505012682,ULHC,54,21,10,552.00,"5,520.00"
2026-02-25,1484,2026022505012661,ULHC,33,42,780,553.00,"431,340.00"
2026-02-25,1485,2026022505012660,ULHC,33,21,200,553.00,"110,600.00"
2026-02-25,1486,2026022505012659,ULHC,33,10,10,553.00,"5,530.00"
2026-02-25,1487,2026022505012658,ULHC,33,29,10,552.90,"5,529.00"
2026-02-25,1488,2026022505012655,ULHC,54,41,15,552.00,"8,280.00"
2026-02-25,1489,2026022505012735,ULHC,95,6,300,553.90,"166,170.00"
2026-02-25,1490,2026022505012734,ULHC,95,6,200,553.60,"110,720.00"
2026-02-25,1491,2026022505012733,ULHC,95,34,10,553.00,"5,530.00"
2026-02-25,1492,2026022505012732,ULHC,95,39,10,552.90,"5,529.00"
2026-02-25,1493,2026022505012716,ULHC,58,36,690,552.10,"380,949.00"
2026-02-25,1494,2026022505012715,ULHC,50,36,500,552.20,"276,100.00"
2026-02-25,1495,2026022505012874,ULHC,5,52,500,554.00,"277,000.00"
2026-02-25,1496,2026022505012740,ULHC,95,52,389,554.00,"215,506.00"
2026-02-25,1497,2026022505012739,ULHC,95,26,100,554.00,"55,400.00"
2026-02-25,1498,2026022505012738,ULHC,95,43,142,554.00,"78,668.00"
2026-02-25,1499,2026022505012737,ULHC,95,62,839,554.00,"464,806.00"
2026-02-25,1500,2026022505012736,ULHC,95,29,10,553.90,"5,539.00"
2026-02-25,1501,2026022505012297,AHL,58,36,40,500.40,"20,016.00"
2026-02-25,1502,2026022505012225,AHL,57,26,100,501.90,"50,190.00"
2026-02-25,1503,2026022505012265,BBC,72,43,10,"4,659.70","46,597.00"
2026-02-25,1504,2026022505012173,BBC,17,48,30,"4,625.00","138,750.00"
2026-02-25,1505,2026022505012172,BBC,58,48,10,"4,625.20","46,252.00"
2026-02-25,1506,2026022505012157,BBC,32,48,48,"4,627.00","222,096.00"
2026-02-25,1507,2026022505012114,BBC,46,48,20,"4,627.00","92,540.00"
2026-02-25,1508,2026022505012113,BBC,32,48,12,"4,627.10","55,525.20"
2026-02-25,1509,2026022505012201,BEDC,7,6,10,510.00,"5,100.00"
2026-02-25,1510,2026022505012561,BGWT,36,55,10,748.00,"7,480.00"
2026-02-25,1511,2026022505012211,BHDC,22,45,480,470.70,"225,936.00"
2026-02-25,1512,2026022505012210,BHDC,58,45,20,470.80,"9,416.00"
2026-02-25,1513,2026022505012551,BHL,41,4,50,198.30,"9,915.00"
2026-02-25,1514,2026022505012530,BHL,22,8,213,198.40,"42,259.20"
2026-02-25,1515,2026022505012395,BHL,45,8,230,198.40,"45,632.00"
