date,sn,contract_no,stock_symbol,buyer,seller,quantity,rate,amount
2026-04-09,1,2026040905027269,BEDC,34,14,20,454.70,"9,094.00"
2026-04-09,2,2026040905026910,BEDC,32,14,20,454.70,"9,094.00"
2026-04-09,3,2026040905026909,BEDC,32,19,20,454.60,"9,092.00"
2026-04-09,4,2026040905026908,BEDC,32,58,60,454.50,"27,270.00"
2026-04-09,5,2026040905026809,BEDC,42,38,50,453.00,"22,650.00"
2026-04-09,6,2026040905027211,BGWT,39,47,50,742.00,"37,100.00"
2026-04-09,7,2026040905027210,BGWT,96,47,10,742.20,"7,422.00"
2026-04-09,8,2026040905027209,BGWT,58,47,100,742.20,"74,220.00"
2026-04-09,9,2026040905027208,BGWT,42,47,100,743.00,"74,300.00"
2026-04-09,10,2026040905027207,BGWT,34,47,500,745.00,"372,500.00"
2026-04-09,11,2026040905027206,BGWT,21,47,90,745.00,"67,050.00"
2026-04-09,12,2026040905027205,BGWT,51,47,100,746.00,"74,600.00"
2026-04-09,13,2026040905027204,BGWT,42,47,48,746.00,"35,808.00"
2026-04-09,14,2026040905026950,BGWT,56,6,10,748.90,"7,489.00"
2026-04-09,15,2026040905027065,BHDC,74,8,100,478.00,"47,800.00"
2026-04-09,16,2026040905027064,BHDC,22,8,100,478.00,"47,800.00"
2026-04-09,17,2026040905026972,BHDC,42,33,234,479.00,"112,086.00"
2026-04-09,18,2026040905026971,BHDC,42,38,250,478.30,"119,575.00"
2026-04-09,19,2026040905026970,BHDC,42,7,16,478.20,"7,651.20"
2026-04-09,20,2026040905027173,BHL,57,1,100,235.00,"23,500.00"
2026-04-09,21,2026040905027137,BHL,43,1,30,235.00,"7,050.00"
2026-04-09,22,2026040905027088,BHL,41,1,49,235.00,"11,515.00"
2026-04-09,23,2026040905027087,BHL,41,45,101,235.00,"23,735.00"
2026-04-09,24,2026040905027030,BHL,58,45,99,235.00,"23,265.00"
2026-04-09,25,2026040905027029,BHL,58,45,200,235.00,"47,000.00"
2026-04-09,26,2026040905027028,BHL,58,3,"1,000",235.00,"235,000.00"
2026-04-09,27,2026040905027027,BHL,58,36,"1,001",235.00,"235,235.00"
2026-04-09,28,2026040905026987,BHL,41,36,50,235.00,"11,750.00"
2026-04-09,29,2026040905026904,BHL,57,14,50,234.10,"11,705.00"
2026-04-09,30,2026040905026826,BHL,58,36,24,235.00,"5,640.00"
2026-04-09,31,2026040905026825,BHL,58,57,226,235.00,"53,110.00"
2026-04-09,32,2026040905027223,BHPL,26,3,10,570.00,"5,700.00"
2026-04-09,33,2026040905027124,BHPL,19,53,100,569.00,"56,900.00"
2026-04-09,34,2026040905027104,BHPL,19,34,50,569.00,"28,450.00"
2026-04-09,35,2026040905027103,BHPL,19,16,100,569.00,"56,900.00"
2026-04-09,36,2026040905027102,BHPL,19,42,83,569.00,"47,227.00"
2026-04-09,37,2026040905027101,BHPL,19,5,10,568.00,"5,680.00"
2026-04-09,38,2026040905027100,BHPL,19,52,50,567.00,"28,350.00"
2026-04-09,39,2026040905026945,BHPL,26,52,10,567.00,"5,670.00"
2026-04-09,40,2026040905026933,BHPL,19,7,200,564.00,"112,800.00"
2026-04-09,41,2026040905027276,CHDC,77,17,360,"2,469.00","888,840.00"
2026-04-09,42,2026040905027275,CHDC,77,17,500,"2,468.00","1,234,000.00"
2026-04-09,43,2026040905027274,CHDC,77,17,490,"2,467.00","1,208,830.00"
2026-04-09,44,2026040905027200,CHDC,62,17,10,"2,467.00","24,670.00"
2026-04-09,45,2026040905027138,CHDC,50,32,10,"2,466.90","24,669.00"
2026-04-09,46,2026040905027130,CHDC,66,32,10,"2,466.90","24,669.00"
2026-04-09,47,2026040905026914,CHDC,56,88,63,"2,466.90","155,414.70"
2026-04-09,48,2026040905026920,CHDC,59,88,37,"2,447.00","90,539.00"
2026-04-09,49,2026040905026919,CHDC,58,88,500,"2,447.00","1,223,500.00"
2026-04-09,50,2026040905026918,CHDC,58,88,500,"2,447.00","1,223,500.00"
2026-04-09,51,2026040905026917,CHDC,101,88,20,"2,447.00","48,940.00"
2026-04-09,52,2026040905026916,CHDC,7,88,450,"2,447.00","1,101,150.00"
2026-04-09,53,2026040905026915,CHDC,32,88,50,"2,447.10","122,355.00"
2026-04-09,54,2026040905026948,CIT,74,48,10,"1,800.00","18,000.00"
2026-04-09,55,2026040905027196,CLI,8,26,13,472.00,"6,136.00"
2026-04-09,56,2026040905027195,CLI,8,54,50,472.00,"23,600.00"
2026-04-09,57,2026040905027194,CLI,8,52,13,472.00,"6,136.00"
2026-04-09,58,2026040905027193,CLI,8,58,13,472.00,"6,136.00"
2026-04-09,59,2026040905027192,CLI,8,77,630,472.00,"297,360.00"
2026-04-09,60,2026040905027191,CLI,8,42,13,472.00,"6,136.00"
2026-04-09,61,2026040905027105,CLI,16,7,13,470.20,"6,112.60"
2026-04-09,62,2026040905027067,CLI,8,49,13,470.10,"6,111.30"
2026-04-09,63,2026040905026940,CLI,8,28,13,470.10,"6,111.30"
2026-04-09,64,2026040905026911,CLI,29,17,10,470.90,"4,709.00"
2026-04-09,65,2026040905026891,CLI,8,52,13,470.10,"6,111.30"
2026-04-09,66,2026040905027184,CLI,8,53,13,472.00,"6,136.00"
2026-04-09,67,2026040905027183,CLI,8,58,13,472.00,"6,136.00"
2026-04-09,68,2026040905027182,CLI,8,58,13,472.00,"6,136.00"
2026-04-09,69,2026040905027181,CLI,8,58,325,471.90,"153,367.50"
2026-04-09,70,2026040905027180,CLI,8,33,13,471.00,"6,123.00"
2026-04-09,71,2026040905027179,CLI,8,17,90,470.90,"42,381.00"
2026-04-09,72,2026040905027190,CLI,8,53,13,472.00,"6,136.00"
2026-04-09,73,2026040905027189,CLI,8,45,13,472.00,"6,136.00"
2026-04-09,74,2026040905027188,CLI,8,16,13,472.00,"6,136.00"
2026-04-09,75,2026040905027187,CLI,8,58,13,472.00,"6,136.00"
2026-04-09,76,2026040905027186,CLI,8,58,13,472.00,"6,136.00"
2026-04-09,77,2026040905027185,CLI,8,62,238,472.00,"112,336.00"
2026-04-09,78,2026040905027048,DOLTI,7,49,10,472.00,"4,720.00"
2026-04-09,79,2026040905027025,DORDI,16,42,600,296.10,"177,660.00"
2026-04-09,80,2026040905026992,DORDI,42,32,307,296.00,"90,872.00"
2026-04-09,81,2026040905026991,DORDI,58,32,90,296.00,"26,640.00"
2026-04-09,82,2026040905026990,DORDI,32,32,103,296.00,"30,488.00"
2026-04-09,83,2026040905026926,DORDI,18,42,400,296.10,"118,440.00"
2026-04-09,84,2026040905026842,DORDI,39,43,800,296.90,"237,520.00"
2026-04-09,85,2026040905026841,DORDI,39,47,200,296.80,"59,360.00"
2026-04-09,86,2026040905027068,EHPL,45,56,690,419.00,"289,110.00"
2026-04-09,87,2026040905026802,EHPL,45,87,201,419.00,"84,219.00"
2026-04-09,88,2026040905026801,EHPL,42,87,199,420.00,"83,580.00"
2026-04-09,89,2026040905027272,ENL,35,48,10,923.00,"9,230.00"
2026-04-09,90,2026040905027215,ENL,60,48,10,923.00,"9,230.00"
2026-04-09,91,2026040905027197,GCIL,28,41,10,441.00,"4,410.00"
2026-04-09,92,2026040905026979,GCIL,38,41,10,441.00,"4,410.00"
2026-04-09,93,2026040905026822,GVL,49,84,202,503.00,"101,606.00"
2026-04-09,94,2026040905027132,HATHY,36,17,55,900.10,"49,505.50"
2026-04-09,95,2026040905026897,HATHY,26,69,80,897.00,"71,760.00"
2026-04-09,96,2026040905026896,HATHY,14,69,20,897.00,"17,940.00"
2026-04-09,97,2026040905026895,HATHY,59,69,23,898.00,"20,654.00"
2026-04-09,98,2026040905026844,HATHY,59,47,27,898.00,"24,246.00"
2026-04-09,99,2026040905026843,HATHY,59,34,50,898.00,"44,900.00"
2026-04-09,100,2026040905027213,HDL,35,34,20,"1,181.00","23,620.00"
2026-04-09,101,2026040905027176,HDL,26,34,29,"1,181.00","34,249.00"
2026-04-09,102,2026040905027175,HDL,26,6,13,"1,181.00","15,353.00"
2026-04-09,103,2026040905026951,HDL,57,74,77,"1,180.10","90,867.70"
2026-04-09,104,2026040905026935,HDL,77,38,50,"1,180.00","59,000.00"
2026-04-09,105,2026040905026922,HDL,77,74,180,"1,180.00","212,400.00"
2026-04-09,106,2026040905026899,HDL,34,74,23,"1,180.10","27,142.30"
2026-04-09,107,2026040905026953,HDL,77,25,54,"1,180.00","63,720.00"
2026-04-09,108,2026040905026952,HDL,57,25,123,"1,180.10","145,152.30"
2026-04-09,109,2026040905027117,HDL,74,5,50,"1,180.10","59,005.00"
2026-04-09,110,2026040905027039,HHL,43,57,10,358.60,"3,586.00"
2026-04-09,111,2026040905026977,HHL,41,34,100,358.10,"35,810.00"
2026-04-09,112,2026040905027074,HIDCL,57,43,200,282.80,"56,560.00"
2026-04-09,113,2026040905027056,HIDCL,35,43,250,282.20,"70,550.00"
2026-04-09,114,2026040905026817,HIDCL,35,32,400,282.10,"112,840.00"
2026-04-09,115,2026040905026816,HIDCL,56,32,250,282.20,"70,550.00"
2026-04-09,116,2026040905027170,HRL,91,36,50,769.90,"38,495.00"
2026-04-09,117,2026040905027140,HRL,84,63,172,767.00,"131,924.00"
2026-04-09,118,2026040905027123,HRL,40,36,40,769.90,"30,796.00"
2026-04-09,119,2026040905027122,HRL,40,58,10,769.80,"7,698.00"
2026-04-09,120,2026040905026810,HRL,42,41,100,767.00,"76,700.00"
2026-04-09,121,2026040905026808,HRL,16,101,120,765.10,"91,812.00"
2026-04-09,122,2026040905026827,HRL,32,46,143,767.00,"109,681.00"
2026-04-09,123,2026040905026815,HRL,25,46,57,767.00,"43,719.00"
2026-04-09,124,2026040905026814,HRL,25,49,24,767.00,"18,408.00"
2026-04-09,125,2026040905026813,HRL,25,51,84,767.00,"64,428.00"
2026-04-09,126,2026040905026812,HRL,25,22,100,767.00,"76,700.00"
2026-04-09,127,2026040905026811,HRL,25,41,35,767.00,"26,845.00"
2026-04-09,128,2026040905026835,HRL,63,95,55,769.90,"42,344.50"
2026-04-09,129,2026040905026834,HRL,63,42,54,769.00,"41,526.00"
2026-04-09,130,2026040905026833,HRL,63,26,10,769.00,"7,690.00"
2026-04-09,131,2026040905026832,HRL,63,59,100,768.00,"76,800.00"
2026-04-09,132,2026040905026831,HRL,63,39,100,768.00,"76,800.00"
2026-04-09,133,2026040905026828,HRL,32,40,50,768.00,"38,400.00"
2026-04-09,134,2026040905026871,HRL,16,44,50,765.10,"38,255.00"
2026-04-09,135,2026040905026838,HRL,63,36,706,769.90,"543,549.40"
2026-04-09,136,2026040905026837,HRL,63,11,75,769.90,"57,742.50"
2026-04-09,137,2026040905026836,HRL,63,42,100,769.90,"76,990.00"
2026-04-09,138,2026040905026988,HRL,42,45,195,765.00,"149,175.00"
2026-04-09,139,2026040905026942,HRL,59,45,50,765.00,"38,250.00"
2026-04-09,140,2026040905026875,HRL,58,45,15,765.00,"11,475.00"
2026-04-09,141,2026040905026874,HRL,45,45,72,765.00,"55,080.00"
2026-04-09,142,2026040905026873,HRL,49,45,268,765.00,"205,020.00"
2026-04-09,143,2026040905026872,HRL,16,45,30,765.10,"22,953.00"
2026-04-09,144,2026040905027121,HRL,40,39,50,769.00,"38,450.00"
2026-04-09,145,2026040905027083,HRL,84,58,45,767.00,"34,515.00"
2026-04-09,146,2026040905027059,HRL,45,74,330,765.00,"252,450.00"
2026-04-09,147,2026040905027033,HRL,17,74,110,765.00,"84,150.00"
2026-04-09,148,2026040905027026,HRL,17,45,220,765.00,"168,300.00"
2026-04-09,149,2026040905027003,HRL,17,45,170,765.00,"130,050.00"
2026-04-09,150,2026040905027062,IHL,17,4,10,479.90,"4,799.00"
2026-04-09,151,2026040905027296,ILI,19,21,10,451.00,"4,510.00"
2026-04-09,152,2026040905027271,ILI,58,21,29,451.00,"13,079.00"
2026-04-09,153,2026040905026868,ILI,58,34,12,450.10,"5,401.20"
2026-04-09,154,2026040905027285,KEF,42,34,100,10.58,"1,058.00"
2026-04-09,155,2026040905026938,KEF,42,34,100,10.58,"1,058.00"
2026-04-09,156,2026040905027047,MAKAR,50,65,278,486.40,"135,219.20"
2026-04-09,157,2026040905027046,MAKAR,1,65,200,486.50,"97,300.00"
2026-04-09,158,2026040905027045,MAKAR,50,65,50,486.60,"24,330.00"
2026-04-09,159,2026040905027044,MAKAR,39,65,190,490.00,"93,100.00"
2026-04-09,160,2026040905027043,MAKAR,22,65,115,490.00,"56,350.00"
2026-04-09,161,2026040905027042,MAKAR,36,65,10,490.10,"4,901.00"
2026-04-09,162,2026040905027041,MAKAR,34,65,100,491.00,"49,100.00"
2026-04-09,163,2026040905027071,MANDU,43,40,20,840.00,"16,800.00"
2026-04-09,164,2026040905027070,MANDU,43,17,30,839.90,"25,197.00"
2026-04-09,165,2026040905027069,MANDU,43,33,50,839.80,"41,990.00"
2026-04-09,166,2026040905026907,MANDU,43,33,250,839.80,"209,950.00"
2026-04-09,167,2026040905026906,MANDU,43,35,50,839.00,"41,950.00"
2026-04-09,168,2026040905026905,MANDU,43,42,100,838.00,"83,800.00"
2026-04-09,169,2026040905026806,MANDU,10,38,200,835.00,"167,000.00"
2026-04-09,170,2026040905026805,MANDU,10,28,10,835.00,"8,350.00"
2026-04-09,171,2026040905027251,MBJC,56,11,60,301.00,"18,060.00"
2026-04-09,172,2026040905027250,MBJC,56,42,10,301.00,"3,010.00"
2026-04-09,173,2026040905027249,MBJC,56,38,10,301.00,"3,010.00"
2026-04-09,174,2026040905027248,MBJC,56,42,10,301.00,"3,010.00"
2026-04-09,175,2026040905027247,MBJC,56,58,25,301.00,"7,525.00"
2026-04-09,176,2026040905027246,MBJC,56,41,90,301.00,"27,090.00"
2026-04-09,177,2026040905027239,MBJC,56,34,30,300.50,"9,015.00"
2026-04-09,178,2026040905027238,MBJC,56,28,100,300.40,"30,040.00"
2026-04-09,179,2026040905027237,MBJC,56,11,10,300.40,"3,004.00"
2026-04-09,180,2026040905027023,MBJC,40,34,10,299.40,"2,994.00"
2026-04-09,181,2026040905026974,MBJC,6,49,50,300.00,"15,000.00"
2026-04-09,182,2026040905026973,MBJC,6,26,22,300.00,"6,600.00"
2026-04-09,183,2026040905027245,MBJC,56,45,90,301.00,"27,090.00"
2026-04-09,184,2026040905027244,MBJC,56,52,20,301.00,"6,020.00"
2026-04-09,185,2026040905027243,MBJC,56,57,10,301.00,"3,010.00"
2026-04-09,186,2026040905027242,MBJC,56,57,50,301.00,"15,050.00"
2026-04-09,187,2026040905027241,MBJC,56,42,90,301.00,"27,090.00"
2026-04-09,188,2026040905027240,MBJC,56,41,10,301.00,"3,010.00"
2026-04-09,189,2026040905027236,MEHL,57,49,10,434.90,"4,349.00"
2026-04-09,190,2026040905027141,MEHL,58,49,10,434.90,"4,349.00"
2026-04-09,191,2026040905027283,MEL,22,16,10,281.00,"2,810.00"
2026-04-09,192,2026040905027172,MEL,57,64,10,281.50,"2,815.00"
2026-04-09,193,2026040905026846,MEL,22,26,280,281.00,"78,680.00"
2026-04-09,194,2026040905026845,MEL,22,32,10,280.20,"2,802.00"
2026-04-09,195,2026040905026894,MHCL,45,32,10,375.00,"3,750.00"
2026-04-09,196,2026040905027270,MHL,22,18,10,526.10,"5,261.00"
2026-04-09,197,2026040905027136,MHL,34,3,100,531.00,"53,100.00"
2026-04-09,198,2026040905027085,MKHC,59,49,100,342.00,"34,200.00"
2026-04-09,199,2026040905027084,MKHC,44,49,160,342.00,"54,720.00"
2026-04-09,200,2026040905027082,MKHC,44,32,251,342.00,"85,842.00"
2026-04-09,201,2026040905027081,MKHC,3,32,109,342.00,"37,278.00"
2026-04-09,202,2026040905027080,MKHC,34,32,80,342.50,"27,400.00"
2026-04-09,203,2026040905027079,MKHC,43,32,40,342.50,"13,700.00"
2026-04-09,204,2026040905027078,MKHC,14,32,20,342.50,"6,850.00"
2026-04-09,205,2026040905027040,MKHC,13,74,90,342.60,"30,834.00"
2026-04-09,206,2026040905026807,MKHC,22,74,34,342.70,"11,651.80"
2026-04-09,207,2026040905027222,MKHL,84,33,222,792.00,"175,824.00"
2026-04-09,208,2026040905027221,MKHL,84,34,70,749.70,"52,479.00"
2026-04-09,209,2026040905027220,MKHL,84,35,50,749.00,"37,450.00"
2026-04-09,210,2026040905027219,MKHL,84,7,10,744.00,"7,440.00"
2026-04-09,211,2026040905027218,MKHL,84,48,40,739.60,"29,584.00"
2026-04-09,212,2026040905027217,MKHL,84,7,599,737.90,"442,002.10"
2026-04-09,213,2026040905027216,MKHL,84,58,10,732.50,"7,325.00"
2026-04-09,214,2026040905027177,MKHL,42,20,10,732.00,"7,320.00"
2026-04-09,215,2026040905027133,MKJC,36,57,150,519.90,"77,985.00"
2026-04-09,216,2026040905027129,MKJC,58,48,300,519.80,"155,940.00"
2026-04-09,217,2026040905026939,MKJC,51,49,50,518.00,"25,900.00"
2026-04-09,218,2026040905026800,MKJC,22,54,49,517.90,"25,377.10"
2026-04-09,219,2026040905026931,MMF1,43,52,"1,800",9.66,"17,388.00"
2026-04-09,220,2026040905026930,MMF1,43,52,200,9.64,"1,928.00"
2026-04-09,221,2026040905026929,MMF1,43,17,"1,000",9.60,"9,600.00"
2026-04-09,222,2026040905027131,MMKJL,82,42,20,551.00,"11,020.00"
2026-04-09,223,2026040905027134,NBF3,48,22,"2,200",10.00,"22,000.00"
2026-04-09,224,2026040905027281,NIFRA,58,58,10,272.90,"2,729.00"
2026-04-09,225,2026040905027171,NIFRA,19,19,100,272.70,"27,270.00"
2026-04-09,226,2026040905027076,NIFRA,26,58,10,272.90,"2,729.00"
2026-04-09,227,2026040905027061,NIFRA,39,58,77,272.90,"21,013.30"
2026-04-09,228,2026040905027060,NIFRA,39,32,23,272.90,"6,276.70"
2026-04-09,229,2026040905026982,NIFRA,19,66,160,272.70,"43,632.00"
2026-04-09,230,2026040905026981,NIFRA,50,66,50,272.70,"13,635.00"
2026-04-09,231,2026040905026980,NIFRA,61,66,290,272.70,"79,083.00"
2026-04-09,232,2026040905026937,NIFRA,61,36,40,272.70,"10,908.00"
2026-04-09,233,2026040905027279,NRIC,14,1,10,"1,068.00","10,680.00"
2026-04-09,234,2026040905027278,NRIC,14,60,10,"1,068.00","10,680.00"
2026-04-09,235,2026040905027277,NRIC,14,38,30,"1,067.00","32,010.00"
2026-04-09,236,2026040905027235,NRIC,28,38,70,"1,067.00","74,690.00"
2026-04-09,237,2026040905027234,NRIC,28,58,35,"1,067.00","37,345.00"
2026-04-09,238,2026040905027233,NRIC,28,45,240,"1,067.00","256,080.00"
2026-04-09,239,2026040905027128,NRIC,59,86,15,"1,059.00","15,885.00"
2026-04-09,240,2026040905027036,NRIC,3,34,233,"1,059.90","246,956.70"
2026-04-09,241,2026040905027035,NRIC,3,57,100,"1,059.90","105,990.00"
2026-04-09,242,2026040905027034,NRIC,3,42,51,"1,059.00","54,009.00"
2026-04-09,243,2026040905026934,NRIC,44,41,10,"1,058.90","10,589.00"
2026-04-09,244,2026040905027226,NRIC,28,22,26,"1,060.00","27,560.00"
2026-04-09,245,2026040905027225,NRIC,28,58,15,"1,060.00","15,900.00"
2026-04-09,246,2026040905027224,NRIC,28,34,237,"1,059.90","251,196.30"
2026-04-09,247,2026040905027214,NRIC,99,34,10,"1,059.90","10,599.00"
2026-04-09,248,2026040905027174,NRIC,32,34,10,"1,059.90","10,599.00"
2026-04-09,249,2026040905027169,NRIC,22,34,10,"1,059.90","10,599.00"
2026-04-09,250,2026040905027232,NRIC,28,45,39,"1,067.00","41,613.00"
2026-04-09,251,2026040905027231,NRIC,28,77,100,"1,065.00","106,500.00"
2026-04-09,252,2026040905027230,NRIC,28,42,90,"1,065.00","95,850.00"
2026-04-09,253,2026040905027229,NRIC,28,17,100,"1,065.00","106,500.00"
2026-04-09,254,2026040905027228,NRIC,28,43,10,"1,063.90","10,639.00"
2026-04-09,255,2026040905027227,NRIC,28,7,38,"1,060.00","40,280.00"
2026-04-09,256,2026040905027297,NRM,14,38,85,423.90,"36,031.50"
2026-04-09,257,2026040905027293,NRM,52,38,25,423.90,"10,597.50"
2026-04-09,258,2026040905027292,NRM,52,57,75,423.00,"31,725.00"
2026-04-09,259,2026040905026821,NRM,39,57,80,423.00,"33,840.00"
2026-04-09,260,2026040905026820,NRM,57,57,50,423.00,"21,150.00"
2026-04-09,261,2026040905026819,NRM,38,57,100,423.00,"42,300.00"
2026-04-09,262,2026040905026818,NRM,52,57,25,423.10,"10,577.50"
2026-04-09,263,2026040905027268,NRN,45,42,10,"1,627.00","16,270.00"
2026-04-09,264,2026040905027198,NRN,38,32,10,"1,628.50","16,285.00"
2026-04-09,265,2026040905026803,NRN,58,10,100,"1,625.00","162,500.00"
2026-04-09,266,2026040905026936,NRN,82,34,500,"1,625.10","812,550.00"
2026-04-09,267,2026040905026870,NRN,82,26,100,"1,625.10","162,510.00"
2026-04-09,268,2026040905027038,NRN,82,66,40,"1,625.10","65,004.00"
2026-04-09,269,2026040905027031,NRN,82,66,20,"1,625.10","32,502.00"
2026-04-09,270,2026040905026955,NRN,82,58,100,"1,625.10","162,510.00"
2026-04-09,271,2026040905027127,NRN,58,48,41,"1,625.00","66,625.00"
2026-04-09,272,2026040905027126,NRN,82,48,240,"1,625.10","390,024.00"
2026-04-09,273,2026040905027125,NRN,44,48,19,"1,628.00","30,932.00"
2026-04-09,274,2026040905027058,NRN,44,47,261,"1,628.00","424,908.00"
2026-04-09,275,2026040905027057,NRN,44,34,20,"1,627.90","32,558.00"
2026-04-09,276,2026040905026943,NTC,17,6,10,879.80,"8,798.00"
2026-04-09,277,2026040905026944,NYADI,29,53,662,418.20,"276,848.40"
2026-04-09,278,2026040905027298,PHCL,11,35,10,324.00,"3,240.00"
2026-04-09,279,2026040905027135,PHCL,32,35,50,324.00,"16,200.00"
2026-04-09,280,2026040905027116,PHCL,3,1,75,319.20,"23,940.00"
2026-04-09,281,2026040905027115,PHCL,59,1,100,319.30,"31,930.00"
2026-04-09,282,2026040905027114,PHCL,26,1,140,319.30,"44,702.00"
2026-04-09,283,2026040905027113,PHCL,49,1,100,319.50,"31,950.00"
2026-04-09,284,2026040905026995,PHCL,3,35,30,324.00,"9,720.00"
2026-04-09,285,2026040905026994,PHCL,3,47,50,324.00,"16,200.00"
2026-04-09,286,2026040905027112,PHCL,42,1,200,320.00,"64,000.00"
2026-04-09,287,2026040905027111,PHCL,34,1,775,320.00,"248,000.00"
2026-04-09,288,2026040905027110,PHCL,56,1,500,320.10,"160,050.00"
2026-04-09,289,2026040905027109,PHCL,58,1,"1,000",322.00,"322,000.00"
2026-04-09,290,2026040905027108,PHCL,42,1,100,323.00,"32,300.00"
2026-04-09,291,2026040905027107,PHCL,51,1,10,323.50,"3,235.00"
2026-04-09,292,2026040905026962,PPL,14,35,15,377.00,"5,655.00"
2026-04-09,293,2026040905026961,PPL,14,43,500,377.00,"188,500.00"
2026-04-09,294,2026040905026960,PPL,14,56,20,377.00,"7,540.00"
2026-04-09,295,2026040905026959,PPL,14,36,27,376.20,"10,157.40"
2026-04-09,296,2026040905026978,RAWA,57,10,10,679.90,"6,799.00"
2026-04-09,297,2026040905027201,RFPL,45,34,10,400.00,"4,000.00"
2026-04-09,298,2026040905027168,RFPL,96,74,10,399.90,"3,999.00"
2026-04-09,299,2026040905026927,RFPL,41,58,400,399.90,"159,960.00"
2026-04-09,300,2026040905026830,RFPL,58,38,300,397.00,"119,100.00"
2026-04-09,301,2026040905027037,RNLI,47,58,14,475.00,"6,650.00"
2026-04-09,302,2026040905026913,RNLI,35,58,10,475.00,"4,750.00"
2026-04-09,303,2026040905026912,RNLI,48,58,22,475.00,"10,450.00"
2026-04-09,304,2026040905026892,RNLI,34,57,70,475.80,"33,306.00"
2026-04-09,305,2026040905026954,SAGF,6,44,100,10.22,"1,022.00"
2026-04-09,306,2026040905027284,SAHAS,46,49,10,627.80,"6,278.00"
2026-04-09,307,2026040905027199,SAHAS,39,49,13,625.00,"8,125.00"
2026-04-09,308,2026040905027178,SAHAS,57,49,10,627.80,"6,278.00"
2026-04-09,309,2026040905027005,SAHAS,50,57,400,624.00,"249,600.00"
2026-04-09,310,2026040905027004,SAHAS,22,57,100,624.10,"62,410.00"
2026-04-09,311,2026040905026932,SAHAS,58,65,100,625.30,"62,530.00"
2026-04-09,312,2026040905027165,SANVI,88,49,184,797.00,"146,648.00"
2026-04-09,313,2026040905027164,SANVI,88,7,100,796.80,"79,680.00"
2026-04-09,314,2026040905027163,SANVI,88,14,20,796.00,"15,920.00"
2026-04-09,315,2026040905027162,SANVI,88,45,10,796.00,"7,960.00"
2026-04-09,316,2026040905027161,SANVI,88,7,10,796.00,"7,960.00"
2026-04-09,317,2026040905027160,SANVI,88,11,10,795.00,"7,950.00"
2026-04-09,318,2026040905026900,SANVI,39,88,350,785.00,"274,750.00"
2026-04-09,319,2026040905027066,SANVI,42,58,300,785.00,"235,500.00"
2026-04-09,320,2026040905027022,SANVI,56,29,30,786.00,"23,580.00"
2026-04-09,321,2026040905026993,SANVI,88,29,10,786.00,"7,860.00"
2026-04-09,322,2026040905026903,SANVI,16,88,557,783.10,"436,186.70"
2026-04-09,323,2026040905026902,SANVI,22,88,93,783.10,"72,828.30"
2026-04-09,324,2026040905026901,SANVI,74,88,500,783.20,"391,600.00"
2026-04-09,325,2026040905027147,SANVI,88,58,79,792.00,"62,568.00"
2026-04-09,326,2026040905027146,SANVI,88,74,10,791.00,"7,910.00"
2026-04-09,327,2026040905027145,SANVI,88,35,50,790.00,"39,500.00"
2026-04-09,328,2026040905027144,SANVI,88,32,70,790.00,"55,300.00"
2026-04-09,329,2026040905027143,SANVI,88,59,140,790.00,"110,600.00"
2026-04-09,330,2026040905027142,SANVI,88,1,50,789.90,"39,495.00"
2026-04-09,331,2026040905027153,SANVI,88,14,20,793.00,"15,860.00"
2026-04-09,332,2026040905027152,SANVI,88,34,10,793.00,"7,930.00"
2026-04-09,333,2026040905027151,SANVI,88,42,500,793.00,"396,500.00"
2026-04-09,334,2026040905027150,SANVI,88,42,390,793.00,"309,270.00"
2026-04-09,335,2026040905027149,SANVI,88,33,170,792.90,"134,793.00"
2026-04-09,336,2026040905027148,SANVI,88,8,120,792.00,"95,040.00"
2026-04-09,337,2026040905027159,SANVI,88,51,10,794.00,"7,940.00"
2026-04-09,338,2026040905027158,SANVI,88,57,306,794.00,"242,964.00"
2026-04-09,339,2026040905027157,SANVI,88,47,211,793.70,"167,470.70"
2026-04-09,340,2026040905027156,SANVI,88,34,10,793.00,"7,930.00"
2026-04-09,341,2026040905027155,SANVI,88,58,10,793.00,"7,930.00"
2026-04-09,342,2026040905027154,SANVI,88,42,10,793.00,"7,930.00"
2026-04-09,343,2026040905027280,SGHC,34,6,10,413.20,"4,132.00"
2026-04-09,344,2026040905027106,SGHC,49,6,100,413.20,"41,320.00"
2026-04-09,345,2026040905026975,SGHC,53,6,50,414.00,"20,700.00"
2026-04-09,346,2026040905026963,SGHC,53,45,50,414.00,"20,700.00"
2026-04-09,347,2026040905026947,SGHC,40,6,300,411.00,"123,300.00"
2026-04-09,348,2026040905026823,SGHC,40,5,100,411.00,"41,100.00"
2026-04-09,349,2026040905027294,SHIVM,4,8,10,695.00,"6,950.00"
2026-04-09,350,2026040905027253,SHIVM,13,8,20,695.00,"13,900.00"
2026-04-09,351,2026040905027252,SHIVM,13,45,30,695.00,"20,850.00"
2026-04-09,352,2026040905027021,SHIVM,58,45,70,695.00,"48,650.00"
2026-04-09,353,2026040905027020,SHIVM,26,45,50,695.00,"34,750.00"
2026-04-09,354,2026040905026968,SHIVM,56,39,12,694.00,"8,328.00"
2026-04-09,355,2026040905026847,SHIVM,49,45,250,695.80,"173,950.00"
2026-04-09,356,2026040905026839,SHIVM,49,47,50,695.80,"34,790.00"
2026-04-09,357,2026040905026967,SHIVM,32,39,250,694.10,"173,525.00"
2026-04-09,358,2026040905026966,SHIVM,22,39,28,694.20,"19,437.60"
2026-04-09,359,2026040905026965,SHIVM,60,39,10,694.20,"6,942.00"
2026-04-09,360,2026040905026964,SHIVM,11,39,200,694.30,"138,860.00"
2026-04-09,361,2026040905026941,SHIVM,11,17,100,694.30,"69,430.00"
2026-04-09,362,2026040905026848,SHIVM,29,45,100,695.00,"69,500.00"
2026-04-09,363,2026040905027295,SIKLES,74,26,100,619.00,"61,900.00"
2026-04-09,364,2026040905027287,SIKLES,29,26,140,619.00,"86,660.00"
2026-04-09,365,2026040905027286,SIKLES,38,26,57,619.00,"35,283.00"
2026-04-09,366,2026040905026989,SIKLES,38,42,33,619.00,"20,427.00"
2026-04-09,367,2026040905026799,SIKLES,38,39,10,619.00,"6,190.00"
2026-04-09,368,2026040905027024,SMHL,58,6,200,509.00,"101,800.00"
2026-04-09,369,2026040905026866,SMHL,100,32,556,510.00,"283,560.00"
2026-04-09,370,2026040905026865,SMHL,100,65,11,510.00,"5,610.00"
2026-04-09,371,2026040905026864,SMHL,100,52,11,510.00,"5,610.00"
2026-04-09,372,2026040905026863,SMHL,100,1,"3,891",510.00,"1,984,410.00"
2026-04-09,373,2026040905026862,SMHL,100,41,472,509.00,"240,248.00"
2026-04-09,374,2026040905026861,SMHL,100,43,59,509.00,"30,031.00"
2026-04-09,375,2026040905027290,SMJC,26,26,180,490.00,"88,200.00"
2026-04-09,376,2026040905027289,SMJC,26,62,10,489.50,"4,895.00"
2026-04-09,377,2026040905027288,SMJC,26,47,10,488.00,"4,880.00"
2026-04-09,378,2026040905027203,SMJC,29,47,90,488.00,"43,920.00"
2026-04-09,379,2026040905027202,SMJC,29,54,10,488.00,"4,880.00"
2026-04-09,380,2026040905027139,SONA,42,42,20,460.00,"9,200.00"
2026-04-09,381,2026040905027077,SONA,42,52,10,460.00,"4,600.00"
2026-04-09,382,2026040905027075,SONA,8,57,193,461.00,"88,973.00"
2026-04-09,383,2026040905027063,SONA,44,57,50,461.00,"23,050.00"
2026-04-09,384,2026040905026925,SONA,42,39,140,460.00,"64,400.00"
2026-04-09,385,2026040905026924,SONA,56,39,260,460.00,"119,600.00"
2026-04-09,386,2026040905026923,SONA,56,34,200,460.00,"92,000.00"
2026-04-09,387,2026040905026867,SONA,56,86,300,460.00,"138,000.00"
2026-04-09,388,2026040905026849,SONA,3,57,100,461.00,"46,100.00"
2026-04-09,389,2026040905026829,SONA,56,34,10,460.00,"4,600.00"
2026-04-09,390,2026040905027291,SPC,67,41,11,504.80,"5,552.80"
2026-04-09,391,2026040905027212,SPC,41,41,10,504.80,"5,048.00"
2026-04-09,392,2026040905026976,SPC,74,41,10,504.80,"5,048.00"
2026-04-09,393,2026040905026946,SPC,67,41,11,504.80,"5,552.80"
2026-04-09,394,2026040905026898,SPC,57,47,200,495.00,"99,000.00"
2026-04-09,395,2026040905026890,SPC,67,41,50,504.80,"25,240.00"
2026-04-09,396,2026040905026877,SPC,67,3,300,499.80,"149,940.00"
2026-04-09,397,2026040905026876,SPC,67,57,211,499.70,"105,436.70"
2026-04-09,398,2026040905026883,SPC,67,58,10,500.00,"5,000.00"
2026-04-09,399,2026040905026882,SPC,67,34,10,500.00,"5,000.00"
2026-04-09,400,2026040905026881,SPC,67,34,20,500.00,"10,000.00"
2026-04-09,401,2026040905026880,SPC,67,34,20,500.00,"10,000.00"
2026-04-09,402,2026040905026879,SPC,67,34,50,500.00,"25,000.00"
2026-04-09,403,2026040905026878,SPC,67,46,10,499.90,"4,999.00"
2026-04-09,404,2026040905026889,SPC,67,14,50,503.00,"25,150.00"
2026-04-09,405,2026040905026888,SPC,67,35,10,503.00,"5,030.00"
2026-04-09,406,2026040905026887,SPC,67,41,300,501.00,"150,300.00"
2026-04-09,407,2026040905026886,SPC,67,14,50,500.00,"25,000.00"
2026-04-09,408,2026040905026885,SPC,67,58,10,500.00,"5,000.00"
2026-04-09,409,2026040905026884,SPC,67,43,10,500.00,"5,000.00"
2026-04-09,410,2026040905027086,SPHL,28,92,10,545.00,"5,450.00"
2026-04-09,411,2026040905027032,SPHL,35,92,10,545.00,"5,450.00"
2026-04-09,412,2026040905026969,SPL,5,45,30,726.90,"21,807.00"
2026-04-09,413,2026040905026824,SPL,32,58,116,724.00,"83,984.00"
2026-04-09,414,2026040905027167,STC,29,45,10,"5,818.90","58,189.00"
2026-04-09,415,2026040905027166,STC,29,29,10,"5,818.00","58,180.00"
2026-04-09,416,2026040905027019,TAMOR,60,18,851,447.10,"380,482.10"
2026-04-09,417,2026040905027018,TAMOR,43,18,"2,000",447.10,"894,200.00"
2026-04-09,418,2026040905027017,TAMOR,81,18,"1,000",448.00,"448,000.00"
2026-04-09,419,2026040905027016,TAMOR,52,18,100,448.00,"44,800.00"
2026-04-09,420,2026040905027015,TAMOR,38,18,100,448.00,"44,800.00"
2026-04-09,421,2026040905027014,TAMOR,11,18,100,448.00,"44,800.00"
2026-04-09,422,2026040905027007,TAMOR,62,18,"1,338",448.30,"599,825.40"
2026-04-09,423,2026040905027006,TAMOR,6,18,500,449.00,"224,500.00"
2026-04-09,424,2026040905027013,TAMOR,77,18,100,448.00,"44,800.00"
2026-04-09,425,2026040905027012,TAMOR,11,18,200,448.00,"89,600.00"
2026-04-09,426,2026040905027011,TAMOR,62,18,100,448.00,"44,800.00"
2026-04-09,427,2026040905027010,TAMOR,25,18,"1,000",448.00,"448,000.00"
2026-04-09,428,2026040905027009,TAMOR,25,18,"1,571",448.00,"703,808.00"
2026-04-09,429,2026040905027008,TAMOR,29,18,10,448.10,"4,481.00"
2026-04-09,430,2026040905027282,TPC,42,98,10,399.50,"3,995.00"
2026-04-09,431,2026040905027267,TPC,35,98,882,399.50,"352,359.00"
2026-04-09,432,2026040905027266,TPC,35,37,25,399.50,"9,987.50"
2026-04-09,433,2026040905027265,TPC,35,51,"1,000",399.40,"399,400.00"
2026-04-09,434,2026040905027264,TPC,35,45,20,399.10,"7,982.00"
2026-04-09,435,2026040905027263,TPC,35,40,850,399.00,"339,150.00"
2026-04-09,436,2026040905026855,TPC,32,35,500,395.00,"197,500.00"
2026-04-09,437,2026040905026854,TPC,32,35,500,395.00,"197,500.00"
2026-04-09,438,2026040905026853,TPC,58,35,125,395.00,"49,375.00"
2026-04-09,439,2026040905026852,TPC,16,35,200,395.00,"79,000.00"
2026-04-09,440,2026040905026851,TPC,11,35,50,395.00,"19,750.00"
2026-04-09,441,2026040905026850,TPC,94,35,"2,100",395.00,"829,500.00"
2026-04-09,442,2026040905026956,TPC,94,58,275,395.00,"108,625.00"
2026-04-09,443,2026040905026860,TPC,57,35,600,394.00,"236,400.00"
2026-04-09,444,2026040905026859,TPC,46,35,505,394.00,"198,970.00"
2026-04-09,445,2026040905026858,TPC,44,35,300,394.00,"118,200.00"
2026-04-09,446,2026040905026857,TPC,63,35,100,394.00,"39,400.00"
2026-04-09,447,2026040905026856,TPC,35,35,20,394.20,"7,884.00"
2026-04-09,448,2026040905027256,TPC,35,42,615,397.00,"244,155.00"
2026-04-09,449,2026040905027255,TPC,35,57,200,396.90,"79,380.00"
2026-04-09,450,2026040905027254,TPC,35,48,"1,375",395.00,"543,125.00"
2026-04-09,451,2026040905026958,TPC,94,48,625,395.00,"246,875.00"
2026-04-09,452,2026040905026957,TPC,94,5,100,395.00,"39,500.00"
2026-04-09,453,2026040905027262,TPC,35,6,990,398.80,"394,812.00"
2026-04-09,454,2026040905027261,TPC,35,22,43,398.50,"17,135.50"
2026-04-09,455,2026040905027260,TPC,35,14,100,398.00,"39,800.00"
2026-04-09,456,2026040905027259,TPC,35,57,350,398.00,"139,300.00"
2026-04-09,457,2026040905027258,TPC,35,77,50,398.00,"19,900.00"
2026-04-09,458,2026040905027257,TPC,35,34,500,397.00,"198,500.00"
2026-04-09,459,2026040905027120,TSHL,65,64,328,700.00,"229,600.00"
2026-04-09,460,2026040905027119,TSHL,22,64,700,700.00,"490,000.00"
2026-04-09,461,2026040905027118,TSHL,5,64,20,700.00,"14,000.00"
2026-04-09,462,2026040905027055,TSHL,29,48,50,700.00,"35,000.00"
2026-04-09,463,2026040905027054,TSHL,14,48,100,700.00,"70,000.00"
2026-04-09,464,2026040905027053,TSHL,49,48,100,700.00,"70,000.00"
2026-04-09,465,2026040905026840,TSHL,38,18,20,701.00,"14,020.00"
2026-04-09,466,2026040905027052,TSHL,42,48,10,700.00,"7,000.00"
2026-04-09,467,2026040905027051,TSHL,42,48,10,700.60,"7,006.00"
2026-04-09,468,2026040905027050,TSHL,42,48,10,701.00,"7,010.00"
2026-04-09,469,2026040905027049,TSHL,58,48,15,701.00,"10,515.00"
2026-04-09,470,2026040905026893,TSHL,38,33,100,701.00,"70,100.00"
2026-04-09,471,2026040905026869,TSHL,38,42,83,701.00,"58,183.00"
2026-04-09,472,2026040905027273,TVCL,32,14,30,599.90,"17,997.00"
2026-04-09,473,2026040905027073,TVCL,14,14,40,599.90,"23,996.00"
2026-04-09,474,2026040905027072,TVCL,14,62,10,599.90,"5,999.00"
2026-04-09,475,2026040905026949,TVCL,4,62,100,599.90,"59,990.00"
2026-04-09,476,2026040905027002,UHEWA,11,42,29,602.40,"17,469.60"
2026-04-09,477,2026040905027001,UHEWA,84,42,500,602.60,"301,300.00"
2026-04-09,478,2026040905027000,UHEWA,29,42,474,602.70,"285,679.80"
2026-04-09,479,2026040905026999,UHEWA,52,42,15,602.70,"9,040.50"
2026-04-09,480,2026040905026998,UHEWA,100,42,232,602.80,"139,849.60"
2026-04-09,481,2026040905026997,UHEWA,32,42,100,603.00,"60,300.00"
2026-04-09,482,2026040905026996,UHEWA,95,42,150,603.00,"90,450.00"
2026-04-09,483,2026040905027099,ULHC,58,50,277,523.70,"145,064.90"
2026-04-09,484,2026040905027098,ULHC,58,42,100,523.50,"52,350.00"
2026-04-09,485,2026040905027097,ULHC,58,53,25,523.00,"13,075.00"
2026-04-09,486,2026040905027096,ULHC,58,58,10,523.00,"5,230.00"
2026-04-09,487,2026040905027095,ULHC,58,28,10,522.00,"5,220.00"
2026-04-09,488,2026040905027094,ULHC,58,43,200,522.00,"104,400.00"
2026-04-09,489,2026040905026985,ULHC,58,42,10,520.00,"5,200.00"
2026-04-09,490,2026040905026984,ULHC,58,34,50,520.00,"26,000.00"
2026-04-09,491,2026040905026983,ULHC,58,8,50,520.00,"26,000.00"
2026-04-09,492,2026040905026928,ULHC,58,45,21,519.00,"10,899.00"
2026-04-09,493,2026040905027093,ULHC,58,28,10,522.00,"5,220.00"
2026-04-09,494,2026040905027092,ULHC,58,11,10,521.00,"5,210.00"
2026-04-09,495,2026040905027091,ULHC,58,57,10,521.00,"5,210.00"
2026-04-09,496,2026040905027090,ULHC,58,4,10,521.00,"5,210.00"
2026-04-09,497,2026040905027089,ULHC,58,42,338,521.00,"176,098.00"
2026-04-09,498,2026040905026986,ULHC,58,48,10,520.00,"5,200.00"
2026-04-09,499,2026040905026804,USHEC,95,51,195,509.00,"99,255.00"
2026-04-09,500,2026040905026921,USHEC,95,52,"1,000",509.00,"509,000.00"
2026-04-09,501,2026040905026775,AHL,56,14,884,526.00,"464,984.00"
2026-04-09,502,2026040905026402,BEDC,42,42,20,453.00,"9,060.00"
2026-04-09,503,2026040905026554,BGWT,42,47,110,746.00,"82,060.00"
2026-04-09,504,2026040905026553,BGWT,59,47,500,747.00,"373,500.00"
2026-04-09,505,2026040905026552,BGWT,57,47,390,747.00,"291,330.00"
2026-04-09,506,2026040905026579,BHDC,52,7,300,478.20,"143,460.00"
2026-04-09,507,2026040905026578,BHDC,58,7,34,478.20,"16,258.80"
2026-04-09,508,2026040905026467,BHDC,58,57,15,478.20,"7,173.00"
2026-04-09,509,2026040905026794,BHL,80,46,500,234.00,"117,000.00"
2026-04-09,510,2026040905026787,BHL,41,57,284,235.00,"66,740.00"
2026-04-09,511,2026040905026786,BHL,41,52,716,235.00,"168,260.00"
2026-04-09,512,2026040905026586,BHL,62,52,21,235.00,"4,935.00"
2026-04-09,513,2026040905026585,BHL,62,25,54,235.00,"12,690.00"
2026-04-09,514,2026040905026584,BHL,80,58,992,234.00,"232,128.00"
2026-04-09,515,2026040905026318,BHL,70,49,87,235.00,"20,445.00"
2026-04-09,516,2026040905026310,BHL,70,6,20,235.00,"4,700.00"
2026-04-09,517,2026040905026309,BHL,26,6,30,235.10,"7,053.00"
2026-04-09,518,2026040905026457,BHL,22,1,100,235.00,"23,500.00"
2026-04-09,519,2026040905026456,BHL,48,1,200,235.00,"47,000.00"
2026-04-09,520,2026040905026455,BHL,42,1,50,235.00,"11,750.00"
2026-04-09,521,2026040905026454,BHL,70,1,253,235.00,"59,455.00"
2026-04-09,522,2026040905026428,BHL,70,69,"2,000",235.00,"470,000.00"
2026-04-09,523,2026040905026386,BHL,6,58,100,235.40,"23,540.00"
2026-04-09,524,2026040905026558,BHL,49,14,200,235.00,"47,000.00"
2026-04-09,525,2026040905026507,BHL,49,49,37,235.00,"8,695.00"
2026-04-09,526,2026040905026506,BHL,42,49,163,235.00,"38,305.00"
2026-04-09,527,2026040905026460,BHL,42,1,37,235.00,"8,695.00"
2026-04-09,528,2026040905026459,BHL,58,1,160,235.00,"37,600.00"
2026-04-09,529,2026040905026458,BHL,22,1,200,235.00,"47,000.00"
2026-04-09,530,2026040905026583,BHL,59,58,100,234.10,"23,410.00"
2026-04-09,531,2026040905026582,BHL,52,25,200,235.00,"47,000.00"
2026-04-09,532,2026040905026581,BHL,6,25,350,235.00,"82,250.00"
2026-04-09,533,2026040905026580,BHL,58,25,216,235.00,"50,760.00"
2026-04-09,534,2026040905026575,BHL,58,57,40,235.00,"9,400.00"
2026-04-09,535,2026040905026569,BHL,11,51,45,235.00,"10,575.00"
2026-04-09,536,2026040905026718,BHPL,19,45,370,563.90,"208,643.00"
2026-04-09,537,2026040905026574,BHPL,57,45,200,563.90,"112,780.00"
2026-04-09,538,2026040905026449,BHPL,19,39,50,565.00,"28,250.00"
2026-04-09,539,2026040905026448,BHPL,19,42,20,565.00,"11,300.00"
2026-04-09,540,2026040905026447,BHPL,19,16,640,564.00,"360,960.00"
2026-04-09,541,2026040905026367,BHPL,19,16,360,564.00,"203,040.00"
2026-04-09,542,2026040905026366,BHPL,19,43,190,563.90,"107,141.00"
2026-04-09,543,2026040905026490,BNHC,48,33,150,351.50,"52,725.00"
2026-04-09,544,2026040905026717,CHDC,56,71,"1,000","2,466.90","2,466,900.00"
2026-04-09,545,2026040905026716,CHDC,56,44,100,"2,466.00","246,600.00"
2026-04-09,546,2026040905026715,CHDC,56,56,237,"2,465.90","584,418.30"
2026-04-09,547,2026040905026401,CHDC,7,34,150,"2,447.00","367,050.00"
2026-04-09,548,2026040905026321,CHDC,91,56,63,"2,465.90","155,351.70"
2026-04-09,549,2026040905026320,CHDC,91,32,25,"2,465.00","61,625.00"
2026-04-09,550,2026040905026319,CHDC,91,59,12,"2,451.00","29,412.00"
2026-04-09,551,2026040905026785,CLI,8,52,510,470.10,"239,751.00"
2026-04-09,552,2026040905026722,CLI,8,41,13,470.10,"6,111.30"
2026-04-09,553,2026040905026356,CLI,14,8,13,471.00,"6,123.00"
2026-04-09,554,2026040905026355,CLI,14,47,13,471.00,"6,123.00"
2026-04-09,555,2026040905026354,CLI,14,65,13,471.00,"6,123.00"
2026-04-09,556,2026040905026353,CLI,14,19,13,471.00,"6,123.00"
2026-04-09,557,2026040905026307,CLI,8,42,163,470.10,"76,626.30"
2026-04-09,558,2026040905026306,CLI,8,42,50,470.20,"23,510.00"
2026-04-09,559,2026040905026305,CLI,8,42,87,470.30,"40,916.10"
2026-04-09,560,2026040905026521,DOLTI,7,44,275,467.10,"128,452.50"
2026-04-09,561,2026040905026358,DOLTI,25,95,90,467.00,"42,030.00"
2026-04-09,562,2026040905026789,DORDI,18,7,100,296.10,"29,610.00"
2026-04-09,563,2026040905026473,DORDI,65,43,"3,715",296.90,"1,102,983.50"
2026-04-09,564,2026040905026472,DORDI,65,43,"1,285",296.80,"381,388.00"
2026-04-09,565,2026040905026461,DORDI,32,25,90,296.00,"26,640.00"
2026-04-09,566,2026040905026361,DORDI,36,17,500,296.10,"148,050.00"
2026-04-09,567,2026040905026360,DORDI,35,17,536,296.10,"158,709.60"
2026-04-09,568,2026040905026323,DORDI,52,43,100,296.80,"29,680.00"
2026-04-09,569,2026040905026317,DORDI,26,43,200,296.80,"59,360.00"
2026-04-09,570,2026040905026301,DORDI,35,74,"1,964",296.10,"581,540.40"
2026-04-09,571,2026040905026300,DORDI,45,74,529,296.50,"156,848.50"
2026-04-09,572,2026040905026411,DORDI,32,17,807,296.00,"238,872.00"
2026-04-09,573,2026040905026410,DORDI,44,17,170,296.00,"50,320.00"
2026-04-09,574,2026040905026409,DORDI,58,17,"1,523",296.00,"450,808.00"
2026-04-09,575,2026040905026364,DORDI,58,17,445,296.00,"131,720.00"
2026-04-09,576,2026040905026363,DORDI,6,17,19,296.00,"5,624.00"
2026-04-09,577,2026040905026362,DORDI,18,17,"1,000",296.10,"296,100.00"
2026-04-09,578,2026040905026516,EHPL,52,19,1,419.00,419.00
2026-04-09,579,2026040905026515,EHPL,52,56,199,419.00,"83,381.00"
2026-04-09,580,2026040905026514,EHPL,11,56,50,419.00,"20,950.00"
2026-04-09,581,2026040905026513,EHPL,21,56,101,419.00,"42,319.00"
2026-04-09,582,2026040905026427,EHPL,21,56,299,419.00,"125,281.00"
2026-04-09,583,2026040905026426,EHPL,26,56,400,419.20,"167,680.00"
2026-04-09,584,2026040905026425,EHPL,41,56,100,419.50,"41,950.00"
2026-04-09,585,2026040905026424,EHPL,91,56,201,419.50,"84,319.50"
2026-04-09,586,2026040905026731,GCIL,32,38,10,442.00,"4,420.00"
2026-04-09,587,2026040905026433,GCIL,32,34,10,442.90,"4,429.00"
2026-04-09,588,2026040905026396,GCIL,48,32,62,439.00,"27,218.00"
2026-04-09,589,2026040905026395,GCIL,32,32,20,439.10,"8,782.00"
2026-04-09,590,2026040905026445,GCIL,48,17,17,439.00,"7,463.00"
2026-04-09,591,2026040905026444,GCIL,34,17,178,439.10,"78,159.80"
2026-04-09,592,2026040905026443,GCIL,42,17,200,440.00,"88,000.00"
2026-04-09,593,2026040905026545,GCIL,32,38,10,442.00,"4,420.00"
2026-04-09,594,2026040905026599,GCIL,58,17,739,437.30,"323,164.70"
2026-04-09,595,2026040905026598,GCIL,17,17,200,438.00,"87,600.00"
2026-04-09,596,2026040905026597,GCIL,32,17,20,438.10,"8,762.00"
2026-04-09,597,2026040905026596,GCIL,48,17,21,439.00,"9,219.00"
2026-04-09,598,2026040905026595,GCIL,32,17,20,441.00,"8,820.00"
2026-04-09,599,2026040905026744,GVL,49,57,100,503.00,"50,300.00"
2026-04-09,600,2026040905026452,GVL,49,57,100,503.00,"50,300.00"
2026-04-09,601,2026040905026451,GVL,49,33,173,503.00,"87,019.00"
2026-04-09,602,2026040905026377,GVL,33,38,10,502.00,"5,020.00"
2026-04-09,603,2026040905026383,GVL,33,33,27,503.00,"13,581.00"
2026-04-09,604,2026040905026382,GVL,33,42,900,503.00,"452,700.00"
2026-04-09,605,2026040905026381,GVL,33,38,800,503.00,"402,400.00"
2026-04-09,606,2026040905026380,GVL,33,10,10,503.00,"5,030.00"
2026-04-09,607,2026040905026379,GVL,33,41,11,503.00,"5,533.00"
2026-04-09,608,2026040905026378,GVL,33,33,200,503.00,"100,600.00"
2026-04-09,609,2026040905026469,HATHY,58,59,100,897.00,"89,700.00"
2026-04-09,610,2026040905026468,HATHY,32,59,100,897.00,"89,700.00"
2026-04-09,611,2026040905026793,HDL,34,40,27,"1,180.10","31,862.70"
2026-04-09,612,2026040905026792,HDL,1,40,35,"1,180.10","41,303.50"
2026-04-09,613,2026040905026605,HDL,1,7,15,"1,180.10","17,701.50"
2026-04-09,614,2026040905026543,HDL,22,33,50,"1,180.60","59,030.00"
2026-04-09,615,2026040905026518,HDL,42,36,20,"1,181.00","23,620.00"
2026-04-09,616,2026040905026489,HDL,34,36,23,"1,181.00","27,163.00"
2026-04-09,617,2026040905026735,HHL,38,57,60,358.00,"21,480.00"
2026-04-09,618,2026040905026551,HHL,38,14,35,358.00,"12,530.00"
2026-04-09,619,2026040905026550,HHL,57,14,35,358.00,"12,530.00"
2026-04-09,620,2026040905026520,HHL,41,89,1,362.00,362.00
2026-04-09,621,2026040905026508,HHL,57,16,215,358.00,"76,970.00"
2026-04-09,622,2026040905026375,HHL,57,67,10,358.00,"3,580.00"
2026-04-09,623,2026040905026772,HIDCL,35,49,"1,000",282.10,"282,100.00"
2026-04-09,624,2026040905026733,HIDCL,35,48,"1,218",282.10,"343,597.80"
2026-04-09,625,2026040905026729,HIDCL,35,34,100,282.10,"28,210.00"
2026-04-09,626,2026040905026720,HIDCL,29,32,550,282.90,"155,595.00"
2026-04-09,627,2026040905026505,HIDCL,57,34,"1,820",282.90,"514,878.00"
2026-04-09,628,2026040905026476,HIDCL,21,14,50,283.00,"14,150.00"
2026-04-09,629,2026040905026475,HIDCL,21,35,400,283.00,"113,200.00"
2026-04-09,630,2026040905026474,HIDCL,21,51,50,283.00,"14,150.00"
2026-04-09,631,2026040905026374,HIDCL,49,51,100,283.00,"28,300.00"
2026-04-09,632,2026040905026373,HIDCL,49,4,50,283.00,"14,150.00"
2026-04-09,633,2026040905026372,HIDCL,49,21,550,283.00,"155,650.00"
2026-04-09,634,2026040905026737,HRL,11,41,28,767.00,"21,476.00"
2026-04-09,635,2026040905026727,HRL,6,59,1,755.00,755.00
2026-04-09,636,2026040905026709,HRL,49,86,135,758.00,"102,330.00"
2026-04-09,637,2026040905026708,HRL,58,86,36,758.00,"27,288.00"
2026-04-09,638,2026040905026707,HRL,42,86,14,758.00,"10,612.00"
2026-04-09,639,2026040905026706,HRL,22,86,20,759.10,"15,182.00"
2026-04-09,640,2026040905026429,HRL,43,54,86,766.00,"65,876.00"
2026-04-09,641,2026040905026398,HRL,58,54,14,766.00,"10,724.00"
2026-04-09,642,2026040905026397,HRL,58,35,26,766.00,"19,916.00"
2026-04-09,643,2026040905026357,HRL,49,42,59,765.00,"45,135.00"
2026-04-09,644,2026040905026479,HRL,42,49,20,766.00,"15,320.00"
2026-04-09,645,2026040905026431,HRL,43,32,200,767.00,"153,400.00"
2026-04-09,646,2026040905026430,HRL,43,69,30,766.00,"22,980.00"
2026-04-09,647,2026040905026557,HRL,17,66,17,765.00,"13,005.00"
2026-04-09,648,2026040905026556,HRL,49,66,823,765.00,"629,595.00"
2026-04-09,649,2026040905026555,HRL,16,66,160,765.10,"122,416.00"
2026-04-09,650,2026040905026509,HRL,16,82,10,765.10,"7,651.00"
2026-04-09,651,2026040905026481,HRL,16,49,30,765.10,"22,953.00"
2026-04-09,652,2026040905026480,HRL,52,49,50,765.10,"38,255.00"
2026-04-09,653,2026040905026645,HRL,17,86,433,765.00,"331,245.00"
2026-04-09,654,2026040905026594,HRL,17,26,50,765.00,"38,250.00"
2026-04-09,655,2026040905026593,HRL,57,26,50,765.10,"38,255.00"
2026-04-09,656,2026040905026592,HRL,8,26,200,766.00,"153,200.00"
2026-04-09,657,2026040905026576,HRL,91,41,100,767.00,"76,700.00"
2026-04-09,658,2026040905026563,HRL,59,41,50,767.00,"38,350.00"
2026-04-09,659,2026040905026651,HRL,72,86,10,765.00,"7,650.00"
2026-04-09,660,2026040905026650,HRL,45,86,100,765.00,"76,500.00"
2026-04-09,661,2026040905026649,HRL,34,86,60,765.00,"45,900.00"
2026-04-09,662,2026040905026648,HRL,26,86,100,765.00,"76,500.00"
2026-04-09,663,2026040905026647,HRL,100,86,20,765.00,"15,300.00"
2026-04-09,664,2026040905026646,HRL,8,86,80,765.00,"61,200.00"
2026-04-09,665,2026040905026657,HRL,58,86,10,764.00,"7,640.00"
2026-04-09,666,2026040905026656,HRL,48,86,650,764.00,"496,600.00"
2026-04-09,667,2026040905026655,HRL,43,86,10,764.00,"7,640.00"
2026-04-09,668,2026040905026654,HRL,17,86,100,765.00,"76,500.00"
2026-04-09,669,2026040905026653,HRL,58,86,10,765.00,"7,650.00"
2026-04-09,670,2026040905026652,HRL,17,86,10,765.00,"7,650.00"
2026-04-09,671,2026040905026663,HRL,49,86,130,762.00,"99,060.00"
2026-04-09,672,2026040905026662,HRL,65,86,220,762.00,"167,640.00"
2026-04-09,673,2026040905026661,HRL,28,86,100,763.00,"76,300.00"
2026-04-09,674,2026040905026660,HRL,36,86,71,763.00,"54,173.00"
2026-04-09,675,2026040905026659,HRL,75,86,65,763.80,"49,647.00"
2026-04-09,676,2026040905026658,HRL,32,86,300,763.90,"229,170.00"
2026-04-09,677,2026040905026669,HRL,58,86,50,760.10,"38,005.00"
2026-04-09,678,2026040905026668,HRL,28,86,168,760.10,"127,696.80"
2026-04-09,679,2026040905026667,HRL,28,86,100,761.50,"76,150.00"
2026-04-09,680,2026040905026666,HRL,42,86,250,761.60,"190,400.00"
2026-04-09,681,2026040905026665,HRL,49,86,50,762.00,"38,100.00"
2026-04-09,682,2026040905026664,HRL,53,86,100,762.00,"76,200.00"
2026-04-09,683,2026040905026675,HRL,32,86,40,760.00,"30,400.00"
2026-04-09,684,2026040905026674,HRL,42,86,100,760.00,"76,000.00"
2026-04-09,685,2026040905026673,HRL,44,86,100,760.00,"76,000.00"
2026-04-09,686,2026040905026672,HRL,16,86,450,760.00,"342,000.00"
2026-04-09,687,2026040905026671,HRL,58,86,800,760.10,"608,080.00"
2026-04-09,688,2026040905026670,HRL,48,86,75,760.10,"57,007.50"
2026-04-09,689,2026040905026681,HRL,38,86,20,760.00,"15,200.00"
2026-04-09,690,2026040905026680,HRL,21,86,250,760.00,"190,000.00"
2026-04-09,691,2026040905026679,HRL,58,86,50,760.00,"38,000.00"
2026-04-09,692,2026040905026678,HRL,41,86,60,760.00,"45,600.00"
2026-04-09,693,2026040905026677,HRL,42,86,100,760.00,"76,000.00"
2026-04-09,694,2026040905026676,HRL,3,86,19,760.00,"14,440.00"
2026-04-09,695,2026040905026687,HRL,57,86,10,760.00,"7,600.00"
2026-04-09,696,2026040905026686,HRL,45,86,31,760.00,"23,560.00"
2026-04-09,697,2026040905026685,HRL,26,86,50,760.00,"38,000.00"
2026-04-09,698,2026040905026684,HRL,49,86,300,760.00,"228,000.00"
2026-04-09,699,2026040905026683,HRL,57,86,10,760.00,"7,600.00"
2026-04-09,700,2026040905026682,HRL,39,86,20,760.00,"15,200.00"
2026-04-09,701,2026040905026693,HRL,49,86,50,760.00,"38,000.00"
2026-04-09,702,2026040905026692,HRL,38,86,180,760.00,"136,800.00"
2026-04-09,703,2026040905026691,HRL,37,86,50,760.00,"38,000.00"
2026-04-09,704,2026040905026690,HRL,57,86,100,760.00,"76,000.00"
2026-04-09,705,2026040905026689,HRL,49,86,39,760.00,"29,640.00"
2026-04-09,706,2026040905026688,HRL,49,86,100,760.00,"76,000.00"
2026-04-09,707,2026040905026699,HRL,57,86,15,760.00,"11,400.00"
2026-04-09,708,2026040905026698,HRL,39,86,10,760.00,"7,600.00"
2026-04-09,709,2026040905026697,HRL,34,86,50,760.00,"38,000.00"
2026-04-09,710,2026040905026696,HRL,51,86,97,760.00,"73,720.00"
2026-04-09,711,2026040905026695,HRL,81,86,500,760.00,"380,000.00"
2026-04-09,712,2026040905026694,HRL,81,86,300,760.00,"228,000.00"
2026-04-09,713,2026040905026705,HRL,42,86,100,759.90,"75,990.00"
2026-04-09,714,2026040905026704,HRL,58,86,50,760.00,"38,000.00"
2026-04-09,715,2026040905026703,HRL,16,86,150,760.00,"114,000.00"
2026-04-09,716,2026040905026702,HRL,47,86,50,760.00,"38,000.00"
2026-04-09,717,2026040905026701,HRL,25,86,100,760.00,"76,000.00"
2026-04-09,718,2026040905026700,HRL,35,86,54,760.00,"41,040.00"
2026-04-09,719,2026040905026797,ILI,28,22,12,451.00,"5,412.00"
2026-04-09,720,2026040905026796,ILI,28,4,12,451.00,"5,412.00"
2026-04-09,721,2026040905026795,ILI,28,57,80,451.00,"36,080.00"
2026-04-09,722,2026040905026784,KDBY,17,58,100,11.61,"1,161.00"
2026-04-09,723,2026040905026783,KDBY,17,58,100,11.60,"1,160.00"
2026-04-09,724,2026040905026782,KDBY,17,17,200,11.60,"2,320.00"
2026-04-09,725,2026040905026781,KDBY,17,49,"1,000",11.59,"11,590.00"
2026-04-09,726,2026040905026439,KDBY,17,57,200,11.50,"2,300.00"
2026-04-09,727,2026040905026438,KDBY,17,62,100,11.50,"1,150.00"
2026-04-09,728,2026040905026437,KDBY,17,35,100,11.50,"1,150.00"
2026-04-09,729,2026040905026436,KDBY,17,52,600,11.50,"6,900.00"
2026-04-09,730,2026040905026440,KDBY,17,38,100,11.50,"1,150.00"
2026-04-09,731,2026040905026780,KDBY,17,58,100,11.58,"1,158.00"
2026-04-09,732,2026040905026779,KDBY,17,7,100,11.55,"1,155.00"
2026-04-09,733,2026040905026743,KEF,46,38,100,10.43,"1,043.00"
2026-04-09,734,2026040905026602,MAKAR,22,1,200,491.00,"98,200.00"
2026-04-09,735,2026040905026764,MANDU,28,43,27,832.00,"22,464.00"
2026-04-09,736,2026040905026763,MANDU,35,43,273,832.00,"227,136.00"
2026-04-09,737,2026040905026791,MBJC,40,14,40,299.40,"11,976.00"
2026-04-09,738,2026040905026790,MBJC,40,14,50,299.90,"14,995.00"
2026-04-09,739,2026040905026359,MBJC,40,49,50,299.40,"14,970.00"
2026-04-09,740,2026040905026501,MBJC,6,43,500,300.00,"150,000.00"
2026-04-09,741,2026040905026500,MBJC,6,47,700,300.00,"210,000.00"
2026-04-09,742,2026040905026499,MBJC,6,45,10,300.00,"3,000.00"
2026-04-09,743,2026040905026498,MBJC,6,43,50,300.00,"15,000.00"
2026-04-09,744,2026040905026497,MBJC,6,38,202,299.90,"60,579.80"
2026-04-09,745,2026040905026644,MBJC,39,26,978,300.00,"293,400.00"
2026-04-09,746,2026040905026643,MBJC,39,34,10,300.00,"3,000.00"
2026-04-09,747,2026040905026642,MBJC,39,45,12,300.00,"3,600.00"
2026-04-09,748,2026040905026502,MBJC,6,45,38,300.00,"11,400.00"
2026-04-09,749,2026040905026570,MCHL,11,52,90,385.00,"34,650.00"
2026-04-09,750,2026040905026365,MEL,1,26,100,281.00,"28,100.00"
2026-04-09,751,2026040905026466,MEL,34,39,77,280.10,"21,567.70"
2026-04-09,752,2026040905026465,MEL,6,39,175,280.20,"49,035.00"
2026-04-09,753,2026040905026464,MEL,6,39,500,280.30,"140,150.00"
2026-04-09,754,2026040905026728,MHCL,45,58,10,375.00,"3,750.00"
2026-04-09,755,2026040905026714,MKHC,49,74,50,343.00,"17,150.00"
2026-04-09,756,2026040905026719,MKHL,58,52,10,724.00,"7,240.00"
2026-04-09,757,2026040905026371,MKHL,22,33,575,723.50,"416,012.50"
2026-04-09,758,2026040905026370,MKHL,44,33,25,723.60,"18,090.00"
2026-04-09,759,2026040905026788,MKJC,1,54,31,517.90,"16,054.90"
2026-04-09,760,2026040905026573,MKJC,1,32,100,517.90,"51,790.00"
2026-04-09,761,2026040905026471,MKJC,82,28,10,517.30,"5,173.00"
2026-04-09,762,2026040905026601,MSHL,49,36,14,766.00,"10,724.00"
2026-04-09,763,2026040905026600,MSHL,21,36,16,766.00,"12,256.00"
2026-04-09,764,2026040905026408,NBF3,48,25,200,9.99,"1,998.00"
2026-04-09,765,2026040905026519,NICBF,50,38,500,9.83,"4,915.00"
2026-04-09,766,2026040905026738,NIFRA,53,32,10,272.90,"2,729.00"
2026-04-09,767,2026040905026723,NIFRA,6,43,16,272.80,"4,364.80"
2026-04-09,768,2026040905026536,NIFRA,58,43,10,272.80,"2,728.00"
2026-04-09,769,2026040905026532,NIFRA,43,59,500,272.60,"136,300.00"
2026-04-09,770,2026040905026531,NIFRA,43,74,294,272.60,"80,144.40"
2026-04-09,771,2026040905026530,NIFRA,50,74,50,272.60,"13,630.00"
2026-04-09,772,2026040905026529,NIFRA,50,74,50,272.70,"13,635.00"
2026-04-09,773,2026040905026528,NIFRA,19,74,10,272.70,"2,727.00"
2026-04-09,774,2026040905026527,NIFRA,45,74,96,272.70,"26,179.20"
2026-04-09,775,2026040905026491,NIFRA,45,58,34,272.70,"9,271.80"
2026-04-09,776,2026040905026432,NIFRA,45,49,33,272.70,"8,999.10"
2026-04-09,777,2026040905026368,NIFRA,52,43,20,272.80,"5,456.00"
2026-04-09,778,2026040905026591,NRIC,35,38,63,"1,058.90","66,710.70"
2026-04-09,779,2026040905026590,NRIC,35,99,100,"1,058.90","105,890.00"
2026-04-09,780,2026040905026589,NRIC,35,70,300,"1,058.80","317,640.00"
2026-04-09,781,2026040905026588,NRIC,35,57,37,"1,058.80","39,175.60"
2026-04-09,782,2026040905026450,NRIC,7,57,13,"1,058.80","13,764.40"
2026-04-09,783,2026040905026399,NRIC,11,16,200,"1,055.00","211,000.00"
2026-04-09,784,2026040905026778,NRM,52,74,100,423.10,"42,310.00"
2026-04-09,785,2026040905026739,NRM,65,45,10,424.00,"4,240.00"
2026-04-09,786,2026040905026537,NRM,19,32,10,423.30,"4,233.00"
2026-04-09,787,2026040905026324,NRM,38,35,10,423.00,"4,230.00"
2026-04-09,788,2026040905026798,NRN,58,7,100,"1,625.00","162,500.00"
2026-04-09,789,2026040905026777,NRN,58,87,575,"1,625.00","934,375.00"
2026-04-09,790,2026040905026326,NRN,58,16,90,"1,620.00","145,800.00"
2026-04-09,791,2026040905026400,NRN,58,7,10,"1,620.00","16,200.00"
2026-04-09,792,2026040905026376,NRN,64,62,37,"1,629.00","60,273.00"
2026-04-09,793,2026040905026351,NRN,64,62,76,"1,629.00","123,804.00"
2026-04-09,794,2026040905026470,NRN,1,13,1,"1,590.60","1,590.60"
2026-04-09,795,2026040905026435,NRN,58,62,171,"1,620.00","277,020.00"
2026-04-09,796,2026040905026434,NRN,21,62,50,"1,621.00","81,050.00"
2026-04-09,797,2026040905026560,NRN,91,92,50,"1,620.10","81,005.00"
2026-04-09,798,2026040905026559,NRN,34,92,800,"1,620.10","1,296,080.00"
2026-04-09,799,2026040905026561,NRN,58,92,150,"1,620.00","243,000.00"
2026-04-09,800,2026040905026478,NTC,6,32,161,879.50,"141,599.50"
2026-04-09,801,2026040905026477,NTC,58,32,10,879.60,"8,796.00"
2026-04-09,802,2026040905026734,NYADI,29,13,228,418.20,"95,349.60"
2026-04-09,803,2026040905026773,PHCL,32,47,50,324.00,"16,200.00"
2026-04-09,804,2026040905026638,PHCL,34,34,225,320.00,"72,000.00"
2026-04-09,805,2026040905026637,PHCL,53,34,100,320.00,"32,000.00"
2026-04-09,806,2026040905026636,PHCL,34,34,500,320.00,"160,000.00"
2026-04-09,807,2026040905026635,PHCL,41,34,"1,000",320.00,"320,000.00"
2026-04-09,808,2026040905026634,PHCL,16,34,"1,000",320.00,"320,000.00"
2026-04-09,809,2026040905026405,PHCL,18,32,100,324.00,"32,400.00"
2026-04-09,810,2026040905026404,PHCL,18,50,83,323.00,"26,809.00"
2026-04-09,811,2026040905026403,PHCL,51,50,513,323.00,"165,699.00"
2026-04-09,812,2026040905026609,PHCL,74,34,500,324.00,"162,000.00"
2026-04-09,813,2026040905026608,PHCL,18,34,50,324.00,"16,200.00"
2026-04-09,814,2026040905026525,PHCL,18,54,50,324.00,"16,200.00"
2026-04-09,815,2026040905026524,PHCL,17,54,100,324.00,"32,400.00"
2026-04-09,816,2026040905026494,PHCL,17,51,100,324.00,"32,400.00"
2026-04-09,817,2026040905026493,PHCL,17,32,100,324.00,"32,400.00"
2026-04-09,818,2026040905026615,PHCL,45,34,"1,043",322.60,"336,471.80"
2026-04-09,819,2026040905026614,PHCL,59,34,"1,000",323.00,"323,000.00"
2026-04-09,820,2026040905026613,PHCL,59,34,"1,000",323.00,"323,000.00"
2026-04-09,821,2026040905026612,PHCL,17,34,500,323.00,"161,500.00"
2026-04-09,822,2026040905026611,PHCL,48,34,10,323.00,"3,230.00"
2026-04-09,823,2026040905026610,PHCL,18,34,17,323.00,"5,491.00"
2026-04-09,824,2026040905026621,PHCL,29,34,"1,500",321.00,"481,500.00"
2026-04-09,825,2026040905026620,PHCL,58,34,55,321.50,"17,682.50"
2026-04-09,826,2026040905026619,PHCL,16,34,300,322.00,"96,600.00"
2026-04-09,827,2026040905026618,PHCL,57,34,100,322.00,"32,200.00"
2026-04-09,828,2026040905026617,PHCL,32,34,80,322.00,"25,760.00"
2026-04-09,829,2026040905026616,PHCL,32,34,200,322.10,"64,420.00"
2026-04-09,830,2026040905026627,PHCL,57,34,100,320.00,"32,000.00"
2026-04-09,831,2026040905026626,PHCL,52,34,255,320.00,"81,600.00"
2026-04-09,832,2026040905026625,PHCL,49,34,100,320.00,"32,000.00"
2026-04-09,833,2026040905026624,PHCL,26,34,45,320.00,"14,400.00"
2026-04-09,834,2026040905026623,PHCL,16,34,500,320.10,"160,050.00"
2026-04-09,835,2026040905026622,PHCL,49,34,90,320.30,"28,827.00"
2026-04-09,836,2026040905026633,PHCL,20,34,200,320.00,"64,000.00"
2026-04-09,837,2026040905026632,PHCL,58,34,200,320.00,"64,000.00"
2026-04-09,838,2026040905026631,PHCL,45,34,200,320.00,"64,000.00"
2026-04-09,839,2026040905026630,PHCL,49,34,30,320.00,"9,600.00"
2026-04-09,840,2026040905026629,PHCL,22,34,"2,000",320.00,"640,000.00"
2026-04-09,841,2026040905026628,PHCL,7,34,100,320.00,"32,000.00"
2026-04-09,842,2026040905026406,PPL,1,36,138,376.20,"51,915.60"
2026-04-09,843,2026040905026393,PPL,13,95,16,376.00,"6,016.00"
2026-04-09,844,2026040905026392,PPL,59,95,10,376.10,"3,761.00"
2026-04-09,845,2026040905026463,RFPL,58,21,20,397.00,"7,940.00"
2026-04-09,846,2026040905026422,RHGCL,21,74,40,306.20,"12,248.00"
2026-04-09,847,2026040905026421,RHGCL,57,74,470,306.30,"143,961.00"
2026-04-09,848,2026040905026420,RHGCL,63,74,200,306.30,"61,260.00"
2026-04-09,849,2026040905026419,RHGCL,1,74,500,306.60,"153,300.00"
2026-04-09,850,2026040905026418,RHGCL,49,74,30,306.70,"9,201.00"
2026-04-09,851,2026040905026417,RHGCL,81,74,50,307.00,"15,350.00"
2026-04-09,852,2026040905026416,RHGCL,65,74,480,307.00,"147,360.00"
2026-04-09,853,2026040905026415,RHGCL,17,74,500,307.10,"153,550.00"
2026-04-09,854,2026040905026414,RHGCL,62,74,100,307.30,"30,730.00"
2026-04-09,855,2026040905026413,RHGCL,58,74,80,307.50,"24,600.00"
2026-04-09,856,2026040905026412,RHGCL,42,74,50,307.50,"15,375.00"
2026-04-09,857,2026040905026562,RNLI,42,44,24,475.90,"11,421.60"
2026-04-09,858,2026040905026423,RNLI,48,5,12,475.00,"5,700.00"
2026-04-09,859,2026040905026352,RNLI,48,14,12,475.00,"5,700.00"
2026-04-09,860,2026040905026771,SAHAS,44,50,38,628.00,"23,864.00"
2026-04-09,861,2026040905026770,SAHAS,44,29,173,628.00,"108,644.00"
2026-04-09,862,2026040905026769,SAHAS,44,26,"1,000",628.00,"628,000.00"
2026-04-09,863,2026040905026768,SAHAS,44,54,789,628.00,"495,492.00"
2026-04-09,864,2026040905026522,SAHAS,34,65,25,625.20,"15,630.00"
2026-04-09,865,2026040905026391,SAHAS,38,54,421,628.00,"264,388.00"
2026-04-09,866,2026040905026330,SAHAS,58,65,600,625.20,"375,120.00"
2026-04-09,867,2026040905026329,SAHAS,50,65,409,625.20,"255,706.80"
2026-04-09,868,2026040905026328,SAHAS,58,65,25,625.30,"15,632.50"
2026-04-09,869,2026040905026327,SAHAS,6,65,100,625.30,"62,530.00"
2026-04-09,870,2026040905026336,SAHAS,66,65,100,625.00,"62,500.00"
2026-04-09,871,2026040905026335,SAHAS,42,65,200,625.00,"125,000.00"
2026-04-09,872,2026040905026334,SAHAS,16,65,26,625.00,"16,250.00"
2026-04-09,873,2026040905026333,SAHAS,18,65,650,625.10,"406,315.00"
2026-04-09,874,2026040905026332,SAHAS,42,65,790,625.20,"493,908.00"
2026-04-09,875,2026040905026331,SAHAS,42,65,790,625.20,"493,908.00"
2026-04-09,876,2026040905026342,SAHAS,47,65,55,625.00,"34,375.00"
2026-04-09,877,2026040905026341,SAHAS,26,65,200,625.00,"125,000.00"
2026-04-09,878,2026040905026340,SAHAS,65,65,"1,000",625.00,"625,000.00"
2026-04-09,879,2026040905026339,SAHAS,67,65,500,625.00,"312,500.00"
2026-04-09,880,2026040905026338,SAHAS,40,65,200,625.00,"125,000.00"
2026-04-09,881,2026040905026337,SAHAS,7,65,50,625.00,"31,250.00"
2026-04-09,882,2026040905026348,SAHAS,58,65,39,624.00,"24,336.00"
2026-04-09,883,2026040905026347,SAHAS,16,65,100,624.00,"62,400.00"
2026-04-09,884,2026040905026346,SAHAS,45,65,10,624.00,"6,240.00"
2026-04-09,885,2026040905026345,SAHAS,57,65,470,625.00,"293,750.00"
2026-04-09,886,2026040905026344,SAHAS,22,65,10,625.00,"6,250.00"
2026-04-09,887,2026040905026343,SAHAS,58,65,400,625.00,"250,000.00"
2026-04-09,888,2026040905026390,SAHAS,38,48,50,628.00,"31,400.00"
2026-04-09,889,2026040905026389,SAHAS,38,22,300,628.00,"188,400.00"
2026-04-09,890,2026040905026388,SAHAS,38,25,129,628.00,"81,012.00"
2026-04-09,891,2026040905026387,SAHAS,38,57,100,625.20,"62,520.00"
2026-04-09,892,2026040905026350,SAHAS,50,65,176,624.00,"109,824.00"
2026-04-09,893,2026040905026349,SAHAS,58,65,100,624.00,"62,400.00"
2026-04-09,894,2026040905026732,SANVI,49,59,10,790.00,"7,900.00"
2026-04-09,895,2026040905026762,SGHC,40,63,48,411.00,"19,728.00"
2026-04-09,896,2026040905026761,SGHC,41,63,124,411.00,"50,964.00"
2026-04-09,897,2026040905026760,SGHC,81,63,"1,000",411.10,"411,100.00"
2026-04-09,898,2026040905026759,SGHC,26,63,200,411.40,"82,280.00"
2026-04-09,899,2026040905026758,SGHC,58,63,30,411.50,"12,345.00"
2026-04-09,900,2026040905026757,SGHC,26,63,500,412.00,"206,000.00"
2026-04-09,901,2026040905026750,SGHC,77,63,100,412.10,"41,210.00"
2026-04-09,902,2026040905026749,SGHC,42,63,70,413.00,"28,910.00"
2026-04-09,903,2026040905026748,SGHC,58,63,217,413.00,"89,621.00"
2026-04-09,904,2026040905026747,SGHC,62,63,200,413.10,"82,620.00"
2026-04-09,905,2026040905026746,SGHC,26,63,200,413.20,"82,640.00"
2026-04-09,906,2026040905026724,SGHC,49,52,100,414.00,"41,400.00"
2026-04-09,907,2026040905026756,SGHC,13,63,500,412.00,"206,000.00"
2026-04-09,908,2026040905026755,SGHC,58,63,75,412.00,"30,900.00"
2026-04-09,909,2026040905026754,SGHC,62,63,20,412.00,"8,240.00"
2026-04-09,910,2026040905026753,SGHC,57,63,150,412.00,"61,800.00"
2026-04-09,911,2026040905026752,SGHC,49,63,70,412.00,"28,840.00"
2026-04-09,912,2026040905026751,SGHC,64,63,300,412.10,"123,630.00"
2026-04-09,913,2026040905026774,SHIVM,19,58,153,695.00,"106,335.00"
2026-04-09,914,2026040905026767,SHIVM,19,87,39,695.00,"27,105.00"
2026-04-09,915,2026040905026766,SHIVM,59,87,385,695.70,"267,844.50"
2026-04-09,916,2026040905026765,SHIVM,42,87,76,695.80,"52,880.80"
2026-04-09,917,2026040905026736,SHIVM,42,33,300,695.80,"208,740.00"
2026-04-09,918,2026040905026726,SHIVM,42,36,100,695.80,"69,580.00"
2026-04-09,919,2026040905026314,SHIVM,57,59,10,694.10,"6,941.00"
2026-04-09,920,2026040905026313,SHIVM,35,59,707,694.10,"490,728.70"
2026-04-09,921,2026040905026312,SHIVM,101,59,"1,500",694.20,"1,041,300.00"
2026-04-09,922,2026040905026311,SHIVM,74,59,287,695.00,"199,465.00"
2026-04-09,923,2026040905026504,SHIVM,32,17,50,695.00,"34,750.00"
2026-04-09,924,2026040905026503,SHIVM,100,17,500,695.00,"347,500.00"
2026-04-09,925,2026040905026453,SHIVM,100,87,500,695.00,"347,500.00"
2026-04-09,926,2026040905026446,SHIVM,6,58,100,695.00,"69,500.00"
2026-04-09,927,2026040905026316,SHIVM,56,59,127,694.00,"88,138.00"
2026-04-09,928,2026040905026315,SHIVM,57,59,369,694.00,"256,086.00"
2026-04-09,929,2026040905026725,SHIVM,42,87,924,695.80,"642,919.20"
2026-04-09,930,2026040905026713,SHIVM,59,39,30,695.00,"20,850.00"
2026-04-09,931,2026040905026712,SHIVM,59,17,85,695.00,"59,075.00"
2026-04-09,932,2026040905026711,SHIVM,44,17,365,695.00,"253,675.00"
2026-04-09,933,2026040905026710,SHIVM,44,13,35,694.90,"24,321.50"
2026-04-09,934,2026040905026640,SHIVM,45,6,100,694.50,"69,450.00"
2026-04-09,935,2026040905026745,SIKLES,38,38,87,619.50,"53,896.50"
2026-04-09,936,2026040905026607,SIKLES,38,96,10,619.50,"6,195.00"
2026-04-09,937,2026040905026587,SIKLES,49,33,50,619.90,"30,995.00"
2026-04-09,938,2026040905026495,SMATA,41,58,50,809.00,"40,450.00"
2026-04-09,939,2026040905026492,SMH,17,47,10,615.90,"6,159.00"
2026-04-09,940,2026040905026776,SONA,56,36,200,460.00,"92,000.00"
2026-04-09,941,2026040905026730,SONA,56,19,10,460.00,"4,600.00"
2026-04-09,942,2026040905026606,SONA,56,48,50,460.00,"23,000.00"
2026-04-09,943,2026040905026549,SONA,56,58,100,460.00,"46,000.00"
2026-04-09,944,2026040905026512,SONA,56,45,10,460.00,"4,600.00"
2026-04-09,945,2026040905026511,SONA,56,58,10,460.00,"4,600.00"
2026-04-09,946,2026040905026510,SONA,56,13,350,460.00,"161,000.00"
2026-04-09,947,2026040905026442,SONA,56,45,140,459.50,"64,330.00"
2026-04-09,948,2026040905026441,SONA,58,45,20,459.60,"9,192.00"
2026-04-09,949,2026040905026407,SONA,56,41,100,459.50,"45,950.00"
2026-04-09,950,2026040905026369,SONA,56,34,122,459.50,"56,059.00"
2026-04-09,951,2026040905026299,SONA,58,13,40,460.00,"18,400.00"
2026-04-09,952,2026040905026462,SPC,74,91,10,494.20,"4,942.00"
2026-04-09,953,2026040905026572,SPL,32,87,30,724.00,"21,720.00"
2026-04-09,954,2026040905026571,SPL,32,48,104,724.00,"75,296.00"
2026-04-09,955,2026040905026742,TAMOR,1,49,100,450.00,"45,000.00"
2026-04-09,956,2026040905026741,TAMOR,1,49,110,449.90,"49,489.00"
2026-04-09,957,2026040905026740,TAMOR,1,57,90,449.40,"40,446.00"
2026-04-09,958,2026040905026577,TAMOR,25,14,"2,000",448.00,"896,000.00"
2026-04-09,959,2026040905026548,TAMOR,25,42,235,448.00,"105,280.00"
2026-04-09,960,2026040905026547,TAMOR,45,42,265,449.20,"119,038.00"
2026-04-09,961,2026040905026485,TAMOR,29,14,10,448.50,"4,485.00"
2026-04-09,962,2026040905026484,TAMOR,58,14,10,448.50,"4,485.00"
2026-04-09,963,2026040905026385,TAMOR,94,34,40,449.00,"17,960.00"
2026-04-09,964,2026040905026384,TAMOR,94,28,10,449.00,"4,490.00"
2026-04-09,965,2026040905026535,TAMOR,67,50,465,449.20,"208,878.00"
2026-04-09,966,2026040905026534,TAMOR,67,42,10,449.10,"4,491.00"
2026-04-09,967,2026040905026533,TAMOR,67,34,25,449.00,"11,225.00"
2026-04-09,968,2026040905026488,TAMOR,42,14,594,448.20,"266,230.80"
2026-04-09,969,2026040905026487,TAMOR,42,14,"1,133",448.20,"507,810.60"
2026-04-09,970,2026040905026486,TAMOR,6,14,200,448.50,"89,700.00"
2026-04-09,971,2026040905026546,TAMOR,45,50,35,449.20,"15,722.00"
2026-04-09,972,2026040905026542,TAMOR,25,18,"6,194",448.00,"2,774,912.00"
2026-04-09,973,2026040905026541,TAMOR,49,18,100,448.00,"44,800.00"
2026-04-09,974,2026040905026540,TAMOR,34,18,"1,000",448.00,"448,000.00"
2026-04-09,975,2026040905026539,TAMOR,50,18,300,448.10,"134,430.00"
2026-04-09,976,2026040905026538,TAMOR,42,18,"2,406",448.20,"1,078,369.20"
2026-04-09,977,2026040905026544,TPC,94,52,"1,000",395.00,"395,000.00"
2026-04-09,978,2026040905026394,TPC,94,45,"1,000",395.00,"395,000.00"
2026-04-09,979,2026040905026308,TPC,94,49,50,395.00,"19,750.00"
2026-04-09,980,2026040905026721,TVCL,39,62,10,599.90,"5,999.00"
2026-04-09,981,2026040905026604,TVCL,67,14,880,599.40,"527,472.00"
2026-04-09,982,2026040905026603,TVCL,4,62,200,599.90,"119,980.00"
2026-04-09,983,2026040905026568,TVCL,67,62,10,599.90,"5,999.00"
2026-04-09,984,2026040905026567,TVCL,67,14,500,599.90,"299,950.00"
2026-04-09,985,2026040905026566,TVCL,67,14,500,599.90,"299,950.00"
2026-04-09,986,2026040905026565,TVCL,67,14,190,599.90,"113,981.00"
2026-04-09,987,2026040905026517,TVCL,67,71,220,599.40,"131,868.00"
2026-04-09,988,2026040905026325,TVCL,4,14,140,599.50,"83,930.00"
2026-04-09,989,2026040905026526,ULHC,95,33,490,517.10,"253,379.00"
2026-04-09,990,2026040905026639,USHL,34,3,10,713.00,"7,130.00"
2026-04-09,991,2026040905026564,USHL,34,42,21,712.00,"14,952.00"
2026-04-09,992,2026040905026523,USHL,34,48,31,710.00,"22,010.00"
2026-04-09,993,2026040905026496,USHL,34,35,10,705.00,"7,050.00"
2026-04-09,994,2026040905026304,USHL,5,34,55,700.00,"38,500.00"
2026-04-09,995,2026040905026303,USHL,17,34,20,700.00,"14,000.00"
2026-04-09,996,2026040905026302,USHL,43,34,25,700.00,"17,500.00"
2026-04-09,997,2026040905026641,VLUCL,13,88,463,542.10,"250,992.30"
2026-04-09,998,2026040905026483,VLUCL,88,17,10,544.00,"5,440.00"
2026-04-09,999,2026040905026482,VLUCL,88,33,10,543.00,"5,430.00"
2026-04-09,1000,2026040905026322,VLUCL,13,59,24,542.10,"13,010.40"
2026-04-09,1001,2026040905026149,AHL,32,10,10,530.00,"5,300.00"
2026-04-09,1002,2026040905026148,AHL,32,58,10,525.30,"5,253.00"
2026-04-09,1003,2026040905026006,AHL,56,35,100,525.00,"52,500.00"
2026-04-09,1004,2026040905026005,AHL,56,36,20,525.00,"10,500.00"
2026-04-09,1005,2026040905026004,AHL,56,49,20,525.00,"10,500.00"
2026-04-09,1006,2026040905026003,AHL,56,49,20,525.00,"10,500.00"
2026-04-09,1007,2026040905025944,AHL,58,56,20,523.20,"10,464.00"
2026-04-09,1008,2026040905025922,AHL,32,33,265,523.00,"138,595.00"
2026-04-09,1009,2026040905025921,AHL,32,10,123,522.90,"64,316.70"
2026-04-09,1010,2026040905026002,AHL,56,7,40,525.00,"21,000.00"
2026-04-09,1011,2026040905026001,AHL,56,3,100,525.00,"52,500.00"
2026-04-09,1012,2026040905026000,AHL,56,5,10,525.00,"5,250.00"
2026-04-09,1013,2026040905025999,AHL,56,58,50,524.00,"26,200.00"
2026-04-09,1014,2026040905025946,AHL,58,58,750,524.00,"393,000.00"
2026-04-09,1015,2026040905025945,AHL,58,52,10,524.00,"5,240.00"
2026-04-09,1016,2026040905026018,BEDC,78,34,825,450.70,"371,827.50"
2026-04-09,1017,2026040905026017,BEDC,17,34,100,451.00,"45,100.00"
2026-04-09,1018,2026040905026016,BEDC,34,34,20,451.00,"9,020.00"
2026-04-09,1019,2026040905026015,BEDC,45,34,55,451.50,"24,832.50"
2026-04-09,1020,2026040905025877,BEDC,58,32,100,454.00,"45,400.00"
2026-04-09,1021,2026040905025876,BEDC,58,42,10,454.00,"4,540.00"
2026-04-09,1022,2026040905025875,BEDC,58,58,10,453.00,"4,530.00"
2026-04-09,1023,2026040905025967,BGWT,26,7,60,747.00,"44,820.00"
2026-04-09,1024,2026040905026271,BHDC,58,33,130,479.00,"62,270.00"
2026-04-09,1025,2026040905026154,BHDC,58,48,251,478.20,"120,028.20"
2026-04-09,1026,2026040905026153,BHDC,65,48,58,478.30,"27,741.40"
2026-04-09,1027,2026040905026152,BHDC,37,48,30,478.30,"14,349.00"
2026-04-09,1028,2026040905026151,BHDC,43,48,151,478.40,"72,238.40"
2026-04-09,1029,2026040905026023,BHDC,43,91,10,478.40,"4,784.00"
2026-04-09,1030,2026040905025917,BHDC,85,33,10,479.00,"4,790.00"
2026-04-09,1031,2026040905026298,BHL,34,25,"1,000",235.50,"235,500.00"
2026-04-09,1032,2026040905026286,BHL,70,56,"1,000",235.00,"235,000.00"
2026-04-09,1033,2026040905026282,BHL,70,45,500,235.00,"117,500.00"
2026-04-09,1034,2026040905026281,BHL,62,45,500,235.10,"117,550.00"
2026-04-09,1035,2026040905026199,BHL,70,21,400,235.00,"94,000.00"
2026-04-09,1036,2026040905026158,BHL,70,99,395,235.00,"92,825.00"
2026-04-09,1037,2026040905025844,BHL,62,57,157,235.70,"37,004.90"
2026-04-09,1038,2026040905025843,BHL,89,57,43,235.70,"10,135.10"
2026-04-09,1039,2026040905025822,BHL,89,26,57,235.70,"13,434.90"
2026-04-09,1040,2026040905025821,BHL,49,26,35,235.70,"8,249.50"
2026-04-09,1041,2026040905025820,BHL,58,26,408,235.80,"96,206.40"
2026-04-09,1042,2026040905025929,BHL,58,25,50,235.60,"11,780.00"
2026-04-09,1043,2026040905025928,BHL,14,25,400,235.70,"94,280.00"
2026-04-09,1044,2026040905025887,BHL,57,69,33,236.00,"7,788.00"
2026-04-09,1045,2026040905025886,BHL,57,14,87,235.70,"20,505.90"
2026-04-09,1046,2026040905025885,BHL,41,14,70,235.70,"16,499.00"
2026-04-09,1047,2026040905025884,BHL,62,14,43,235.70,"10,135.10"
2026-04-09,1048,2026040905026098,BHL,11,39,235,235.00,"55,225.00"
2026-04-09,1049,2026040905026084,BHL,11,57,115,235.00,"27,025.00"
2026-04-09,1050,2026040905026083,BHL,34,57,140,235.10,"32,914.00"
2026-04-09,1051,2026040905026054,BHL,34,32,200,235.10,"47,020.00"
2026-04-09,1052,2026040905025931,BHL,42,25,500,235.50,"117,750.00"
2026-04-09,1053,2026040905025930,BHL,58,25,30,235.60,"7,068.00"
2026-04-09,1054,2026040905026157,BHL,47,99,325,235.10,"76,407.50"
2026-04-09,1055,2026040905026156,BHL,34,99,280,235.10,"65,828.00"
2026-04-09,1056,2026040905026118,BHL,34,58,20,235.10,"4,702.00"
2026-04-09,1057,2026040905026101,BHL,70,39,345,235.00,"81,075.00"
2026-04-09,1058,2026040905026100,BHL,22,39,290,235.00,"68,150.00"
2026-04-09,1059,2026040905026099,BHL,35,39,150,235.00,"35,250.00"
2026-04-09,1060,2026040905026189,BHPL,19,40,450,562.90,"253,305.00"
2026-04-09,1061,2026040905025819,BHPL,44,57,207,562.00,"116,334.00"
2026-04-09,1062,2026040905025818,BHPL,44,14,720,562.00,"404,640.00"
2026-04-09,1063,2026040905026244,CHDC,7,42,50,"2,447.00","122,350.00"
2026-04-09,1064,2026040905026228,CHDC,7,34,350,"2,447.00","856,450.00"
2026-04-09,1065,2026040905026219,CHDC,39,51,75,"2,450.00","183,750.00"
2026-04-09,1066,2026040905026089,CHDC,64,34,30,"2,448.00","73,440.00"
2026-04-09,1067,2026040905026053,CHDC,91,51,100,"2,450.00","245,000.00"
2026-04-09,1068,2026040905025936,CHDC,91,46,1,"2,445.00","2,445.00"
2026-04-09,1069,2026040905025806,CIT,74,53,11,"1,800.00","19,800.00"
2026-04-09,1070,2026040905025805,CIT,74,38,45,"1,800.00","81,000.00"
2026-04-09,1071,2026040905025804,CIT,74,41,20,"1,800.00","36,000.00"
2026-04-09,1072,2026040905025803,CIT,74,59,50,"1,800.00","90,000.00"
2026-04-09,1073,2026040905025802,CIT,74,26,52,"1,800.00","93,600.00"
2026-04-09,1074,2026040905025801,CIT,74,28,13,"1,800.00","23,400.00"
2026-04-09,1075,2026040905025800,CIT,74,74,622,"1,800.00","1,119,600.00"
2026-04-09,1076,2026040905026291,CLI,8,49,13,470.30,"6,113.90"
2026-04-09,1077,2026040905026276,DOLTI,47,69,5,464.00,"2,320.00"
2026-04-09,1078,2026040905026248,DOLTI,25,44,25,467.10,"11,677.50"
2026-04-09,1079,2026040905026277,DORDI,45,81,"1,416",296.50,"419,844.00"
2026-04-09,1080,2026040905026222,DORDI,45,45,55,296.50,"16,307.50"
2026-04-09,1081,2026040905026113,DORDI,6,17,481,296.00,"142,376.00"
2026-04-09,1082,2026040905026112,DORDI,35,17,"1,719",296.00,"508,824.00"
2026-04-09,1083,2026040905026111,DORDI,74,17,300,296.10,"88,830.00"
2026-04-09,1084,2026040905026047,DORDI,35,56,10,296.00,"2,960.00"
2026-04-09,1085,2026040905025878,DORDI,35,39,260,296.00,"76,960.00"
2026-04-09,1086,2026040905025857,DORDI,35,58,491,296.00,"145,336.00"
2026-04-09,1087,2026040905026283,EHPL,91,21,"1,000",419.50,"419,500.00"
2026-04-09,1088,2026040905026280,EHPL,65,40,10,421.00,"4,210.00"
2026-04-09,1089,2026040905026279,EHPL,65,4,90,420.10,"37,809.00"
2026-04-09,1090,2026040905026117,EHPL,59,49,555,420.00,"233,100.00"
2026-04-09,1091,2026040905026037,EHPL,91,1,200,419.50,"83,900.00"
2026-04-09,1092,2026040905026010,EHPL,91,21,980,419.50,"411,110.00"
2026-04-09,1093,2026040905025807,EHPL,14,4,60,420.10,"25,206.00"
2026-04-09,1094,2026040905026009,EHPL,19,21,100,419.60,"41,960.00"
2026-04-09,1095,2026040905025965,EHPL,11,49,50,420.00,"21,000.00"
2026-04-09,1096,2026040905025962,EHPL,34,49,145,420.00,"60,900.00"
2026-04-09,1097,2026040905025920,EHPL,34,26,55,420.00,"23,100.00"
2026-04-09,1098,2026040905025919,EHPL,32,26,100,420.00,"42,000.00"
2026-04-09,1099,2026040905025918,EHPL,32,26,135,420.00,"56,700.00"
2026-04-09,1100,2026040905026181,ENL,17,38,50,915.00,"45,750.00"
2026-04-09,1101,2026040905026110,GCIL,32,38,10,443.00,"4,430.00"
2026-04-09,1102,2026040905026097,GCIL,34,69,10,438.00,"4,380.00"
2026-04-09,1103,2026040905026245,GVL,16,83,100,501.10,"50,110.00"
2026-04-09,1104,2026040905025935,HDL,45,70,223,"1,180.20","263,184.60"
2026-04-09,1105,2026040905025934,HDL,38,70,50,"1,180.30","59,015.00"
2026-04-09,1106,2026040905025888,HDL,45,32,50,"1,181.00","59,050.00"
2026-04-09,1107,2026040905026039,HDL,38,51,43,"1,180.10","50,744.30"
2026-04-09,1108,2026040905026038,HDL,45,51,457,"1,180.20","539,351.40"
2026-04-09,1109,2026040905025960,HDL,25,42,10,"1,182.00","11,820.00"
2026-04-09,1110,2026040905025959,HDL,25,44,94,"1,182.00","111,108.00"
2026-04-09,1111,2026040905025958,HDL,25,19,60,"1,181.00","70,860.00"
2026-04-09,1112,2026040905025957,HDL,25,32,78,"1,181.00","92,118.00"
2026-04-09,1113,2026040905026205,HDL,26,44,80,"1,182.00","94,560.00"
2026-04-09,1114,2026040905026243,HDL,36,44,10,"1,182.00","11,820.00"
2026-04-09,1115,2026040905026270,HHL,67,16,140,358.60,"50,204.00"
2026-04-09,1116,2026040905026262,HHL,67,44,60,358.60,"21,516.00"
2026-04-09,1117,2026040905026261,HHL,41,44,10,358.70,"3,587.00"
2026-04-09,1118,2026040905026260,HHL,58,44,30,358.70,"10,761.00"
2026-04-09,1119,2026040905025811,HHL,34,65,500,359.00,"179,500.00"
2026-04-09,1120,2026040905025810,HHL,41,65,95,359.10,"34,114.50"
2026-04-09,1121,2026040905026155,HIDCL,49,21,300,283.00,"84,900.00"
2026-04-09,1122,2026040905026116,HIDCL,54,21,100,283.00,"28,300.00"
2026-04-09,1123,2026040905026115,HIDCL,6,21,350,283.10,"99,085.00"
2026-04-09,1124,2026040905026090,HIDCL,43,34,180,283.70,"51,066.00"
2026-04-09,1125,2026040905026036,HIDCL,6,6,150,283.10,"42,465.00"
2026-04-09,1126,2026040905025997,HIDCL,35,56,654,282.10,"184,493.40"
2026-04-09,1127,2026040905025990,HIDCL,49,56,76,283.50,"21,546.00"
2026-04-09,1128,2026040905025895,HIDCL,49,32,100,283.50,"28,350.00"
2026-04-09,1129,2026040905025894,HIDCL,49,33,500,283.50,"141,750.00"
2026-04-09,1130,2026040905025893,HIDCL,49,21,324,283.50,"91,854.00"
2026-04-09,1131,2026040905025996,HIDCL,74,56,500,282.20,"141,100.00"
2026-04-09,1132,2026040905025995,HIDCL,49,56,63,283.00,"17,829.00"
2026-04-09,1133,2026040905025994,HIDCL,81,56,500,283.00,"141,500.00"
2026-04-09,1134,2026040905025993,HIDCL,19,56,"2,000",283.00,"566,000.00"
2026-04-09,1135,2026040905025992,HIDCL,35,56,"1,858",283.00,"525,814.00"
2026-04-09,1136,2026040905025991,HIDCL,32,56,125,283.10,"35,387.50"
2026-04-09,1137,2026040905026294,HRL,49,70,50,765.00,"38,250.00"
2026-04-09,1138,2026040905026293,HRL,49,70,50,765.10,"38,255.00"
2026-04-09,1139,2026040905026292,HRL,56,70,200,766.00,"153,200.00"
2026-04-09,1140,2026040905025826,HRL,54,44,100,762.00,"76,200.00"
2026-04-09,1141,2026040905025825,HRL,6,54,1,748.00,748.00
2026-04-09,1142,2026040905025823,HRL,28,42,32,760.10,"24,323.20"
2026-04-09,1143,2026040905025892,HRL,42,8,21,763.00,"16,023.00"
2026-04-09,1144,2026040905025848,HRL,42,49,10,763.00,"7,630.00"
2026-04-09,1145,2026040905025847,HRL,42,42,20,763.00,"15,260.00"
2026-04-09,1146,2026040905025846,HRL,42,44,42,762.00,"32,004.00"
2026-04-09,1147,2026040905025837,HRL,21,44,10,762.00,"7,620.00"
2026-04-09,1148,2026040905025827,HRL,58,44,10,762.00,"7,620.00"
2026-04-09,1149,2026040905025964,HRL,17,14,34,763.00,"25,942.00"
2026-04-09,1150,2026040905025963,HRL,42,14,16,763.00,"12,208.00"
2026-04-09,1151,2026040905025954,HRL,49,60,12,763.90,"9,166.80"
2026-04-09,1152,2026040905025953,HRL,49,36,70,763.10,"53,417.00"
2026-04-09,1153,2026040905025948,HRL,42,4,21,763.00,"16,023.00"
2026-04-09,1154,2026040905026122,HRL,63,44,"1,910",763.80,"1,458,858.00"
2026-04-09,1155,2026040905026102,HRL,5,44,200,763.80,"152,760.00"
2026-04-09,1156,2026040905026052,HRL,59,59,10,763.10,"7,631.00"
2026-04-09,1157,2026040905026048,HRL,59,50,50,763.10,"38,155.00"
2026-04-09,1158,2026040905026033,HRL,36,8,29,763.00,"22,127.00"
2026-04-09,1159,2026040905026032,HRL,38,8,76,763.00,"57,988.00"
2026-04-09,1160,2026040905026128,HRL,63,77,100,765.00,"76,500.00"
2026-04-09,1161,2026040905026127,HRL,63,32,100,765.00,"76,500.00"
2026-04-09,1162,2026040905026126,HRL,63,95,23,764.00,"17,572.00"
2026-04-09,1163,2026040905026125,HRL,63,48,"2,247",764.00,"1,716,708.00"
2026-04-09,1164,2026040905026124,HRL,63,58,100,763.90,"76,390.00"
2026-04-09,1165,2026040905026123,HRL,63,60,488,763.90,"372,783.20"
2026-04-09,1166,2026040905026204,HRL,49,49,68,765.00,"52,020.00"
2026-04-09,1167,2026040905026203,HRL,63,49,32,765.00,"24,480.00"
2026-04-09,1168,2026040905026163,HRL,45,48,100,767.00,"76,700.00"
2026-04-09,1169,2026040905025925,IHL,59,25,100,475.00,"47,500.00"
2026-04-09,1170,2026040905025924,IHL,43,25,100,475.20,"47,520.00"
2026-04-09,1171,2026040905026289,ILI,21,26,10,451.00,"4,510.00"
2026-04-09,1172,2026040905026161,ILI,86,18,11,450.00,"4,950.00"
2026-04-09,1173,2026040905026160,ILI,50,18,25,450.00,"11,250.00"
2026-04-09,1174,2026040905026159,ILI,57,18,14,450.00,"6,300.00"
2026-04-09,1175,2026040905026121,ILI,57,58,12,450.00,"5,400.00"
2026-04-09,1176,2026040905026031,ILI,57,82,12,450.00,"5,400.00"
2026-04-09,1177,2026040905025998,ILI,42,49,12,450.00,"5,400.00"
2026-04-09,1178,2026040905025984,ILI,42,1,56,450.00,"25,200.00"
2026-04-09,1179,2026040905025952,KDBY,17,43,200,11.40,"2,280.00"
2026-04-09,1180,2026040905026249,KEF,46,38,100,10.43,"1,043.00"
2026-04-09,1181,2026040905025923,MAKAR,36,42,10,495.80,"4,958.00"
2026-04-09,1182,2026040905026114,MANDU,43,58,10,835.00,"8,350.00"
2026-04-09,1183,2026040905026093,MANDU,35,48,200,832.00,"166,400.00"
2026-04-09,1184,2026040905026092,MANDU,35,43,17,832.00,"14,144.00"
2026-04-09,1185,2026040905025927,MANDU,58,43,55,835.00,"45,925.00"
2026-04-09,1186,2026040905026287,MBJC,40,25,10,299.40,"2,994.00"
2026-04-09,1187,2026040905025950,MBJC,40,28,10,299.40,"2,994.00"
2026-04-09,1188,2026040905026134,MEHL,32,33,277,432.00,"119,664.00"
2026-04-09,1189,2026040905026133,MEHL,22,33,50,432.10,"21,605.00"
2026-04-09,1190,2026040905026132,MEHL,45,33,83,432.50,"35,897.50"
2026-04-09,1191,2026040905026131,MEHL,58,33,20,432.60,"8,652.00"
2026-04-09,1192,2026040905026130,MEHL,58,33,70,432.60,"30,282.00"
2026-04-09,1193,2026040905026290,MEL,49,26,200,281.00,"56,200.00"
2026-04-09,1194,2026040905026240,MEL,41,26,50,281.00,"14,050.00"
2026-04-09,1195,2026040905026239,MEL,54,26,50,281.00,"14,050.00"
2026-04-09,1196,2026040905026013,MEL,1,64,100,281.50,"28,150.00"
2026-04-09,1197,2026040905026238,MEL,49,26,200,281.00,"56,200.00"
2026-04-09,1198,2026040905026237,MEL,21,26,100,281.00,"28,100.00"
2026-04-09,1199,2026040905026236,MEL,19,26,20,281.40,"5,628.00"
2026-04-09,1200,2026040905026188,MHCL,45,49,10,375.90,"3,759.00"
2026-04-09,1201,2026040905026187,MHCL,45,58,30,375.50,"11,265.00"
2026-04-09,1202,2026040905026186,MHCL,45,45,10,375.00,"3,750.00"
2026-04-09,1203,2026040905025874,MHCL,49,53,241,372.10,"89,676.10"
2026-04-09,1204,2026040905025873,MHCL,10,53,300,372.20,"111,660.00"
2026-04-09,1205,2026040905026235,MKHC,13,13,10,342.60,"3,426.00"
2026-04-09,1206,2026040905026030,MKHC,58,74,10,344.00,"3,440.00"
2026-04-09,1207,2026040905025933,MKHC,58,54,10,344.00,"3,440.00"
2026-04-09,1208,2026040905026028,MKHL,19,33,495,723.00,"357,885.00"
2026-04-09,1209,2026040905026027,MKHL,65,33,500,723.20,"361,600.00"
2026-04-09,1210,2026040905026026,MKHL,35,33,10,723.20,"7,232.00"
2026-04-09,1211,2026040905026025,MKHL,19,33,50,723.30,"36,165.00"
2026-04-09,1212,2026040905026024,MKHL,84,33,145,723.30,"104,878.50"
2026-04-09,1213,2026040905025835,MKHL,84,84,855,723.30,"618,421.50"
2026-04-09,1214,2026040905025834,MKHL,58,84,150,725.10,"108,765.00"
2026-04-09,1215,2026040905025833,MKHL,91,84,275,725.50,"199,512.50"
2026-04-09,1216,2026040905025832,MKHL,45,84,20,725.50,"14,510.00"
2026-04-09,1217,2026040905025831,MKHL,58,84,20,725.60,"14,512.00"
2026-04-09,1218,2026040905025830,MKHL,13,84,50,725.60,"36,280.00"
2026-04-09,1219,2026040905025829,MKHL,54,84,130,725.80,"94,354.00"
2026-04-09,1220,2026040905025808,MKJC,22,14,10,517.20,"5,172.00"
2026-04-09,1221,2026040905025961,NBF3,48,22,"4,700",10.00,"47,000.00"
2026-04-09,1222,2026040905026008,NICFC,60,58,100,9.50,950.00
2026-04-09,1223,2026040905026288,NIFRA,58,49,8,275.00,"2,200.00"
2026-04-09,1224,2026040905026150,NIFRA,52,58,10,272.80,"2,728.00"
2026-04-09,1225,2026040905026091,NIFRA,83,32,318,272.90,"86,782.20"
2026-04-09,1226,2026040905026043,NIFRA,26,66,"1,000",273.00,"273,000.00"
2026-04-09,1227,2026040905026042,NIFRA,26,33,34,273.00,"9,282.00"
2026-04-09,1228,2026040905026041,NIFRA,26,47,54,273.00,"14,742.00"
2026-04-09,1229,2026040905026040,NIFRA,26,35,307,273.00,"83,811.00"
2026-04-09,1230,2026040905026014,NIFRA,83,14,64,272.90,"17,465.60"
2026-04-09,1231,2026040905025982,NIFRA,45,35,20,273.00,"5,460.00"
2026-04-09,1232,2026040905025842,NIFRA,14,35,50,273.00,"13,650.00"
2026-04-09,1233,2026040905026225,NRIC,11,59,100,"1,055.00","105,500.00"
2026-04-09,1234,2026040905026224,NRIC,11,26,10,"1,055.00","10,550.00"
2026-04-09,1235,2026040905026223,NRIC,11,91,80,"1,055.00","84,400.00"
2026-04-09,1236,2026040905026179,NRIC,34,91,10,"1,055.00","10,550.00"
2026-04-09,1237,2026040905026142,NRIC,3,41,10,"1,040.00","10,400.00"
2026-04-09,1238,2026040905025841,NRIC,51,35,13,"1,055.00","13,715.00"
2026-04-09,1239,2026040905025840,NRIC,58,35,47,"1,055.00","49,585.00"
2026-04-09,1240,2026040905025839,NRIC,41,35,40,"1,055.00","42,200.00"
2026-04-09,1241,2026040905025836,NRIC,41,21,10,"1,055.00","10,550.00"
2026-04-09,1242,2026040905025812,NRIC,51,91,100,"1,055.00","105,500.00"
2026-04-09,1243,2026040905025881,NRIC,10,42,434,"1,052.00","456,568.00"
2026-04-09,1244,2026040905025880,NRIC,62,42,50,"1,052.00","52,600.00"
2026-04-09,1245,2026040905025879,NRIC,51,42,16,"1,055.00","16,880.00"
2026-04-09,1246,2026040905026058,NRIC,45,86,200,"1,050.10","210,020.00"
2026-04-09,1247,2026040905026057,NRIC,33,86,150,"1,051.00","157,650.00"
2026-04-09,1248,2026040905026056,NRIC,58,86,10,"1,052.00","10,520.00"
2026-04-09,1249,2026040905026055,NRIC,10,86,554,"1,052.00","582,808.00"
2026-04-09,1250,2026040905025989,NRIC,51,91,10,"1,055.00","10,550.00"
2026-04-09,1251,2026040905026064,NRIC,52,86,400,"1,050.00","420,000.00"
2026-04-09,1252,2026040905026063,NRIC,58,86,10,"1,050.00","10,500.00"
2026-04-09,1253,2026040905026062,NRIC,45,86,50,"1,050.00","52,500.00"
2026-04-09,1254,2026040905026061,NRIC,52,86,200,"1,050.00","210,000.00"
2026-04-09,1255,2026040905026060,NRIC,42,86,"1,000","1,050.00","1,050,000.00"
2026-04-09,1256,2026040905026059,NRIC,33,86,80,"1,050.00","84,000.00"
2026-04-09,1257,2026040905026070,NRIC,52,86,100,"1,044.00","104,400.00"
2026-04-09,1258,2026040905026069,NRIC,26,86,10,"1,045.00","10,450.00"
2026-04-09,1259,2026040905026068,NRIC,54,86,50,"1,047.00","52,350.00"
2026-04-09,1260,2026040905026067,NRIC,57,86,10,"1,049.00","10,490.00"
2026-04-09,1261,2026040905026066,NRIC,36,86,90,"1,049.00","94,410.00"
2026-04-09,1262,2026040905026065,NRIC,26,86,25,"1,050.00","26,250.00"
2026-04-09,1263,2026040905026076,NRIC,52,86,200,"1,040.00","208,000.00"
2026-04-09,1264,2026040905026075,NRIC,49,86,20,"1,040.00","20,800.00"
2026-04-09,1265,2026040905026074,NRIC,63,86,450,"1,040.00","468,000.00"
2026-04-09,1266,2026040905026073,NRIC,35,86,50,"1,040.00","52,000.00"
2026-04-09,1267,2026040905026072,NRIC,50,86,12,"1,040.00","12,480.00"
2026-04-09,1268,2026040905026071,NRIC,47,86,50,"1,040.10","52,005.00"
2026-04-09,1269,2026040905026137,NRIC,3,86,"1,606","1,040.00","1,670,240.00"
2026-04-09,1270,2026040905026094,NRIC,34,86,10,"1,040.00","10,400.00"
2026-04-09,1271,2026040905026080,NRIC,17,86,50,"1,040.00","52,000.00"
2026-04-09,1272,2026040905026079,NRIC,48,86,100,"1,040.00","104,000.00"
2026-04-09,1273,2026040905026078,NRIC,57,86,20,"1,040.00","20,800.00"
2026-04-09,1274,2026040905026077,NRIC,52,86,200,"1,040.00","208,000.00"
2026-04-09,1275,2026040905026278,NRM,38,38,10,423.00,"4,230.00"
2026-04-09,1276,2026040905026226,NRM,38,52,10,423.00,"4,230.00"
2026-04-09,1277,2026040905025926,NRM,38,42,10,423.00,"4,230.00"
2026-04-09,1278,2026040905026273,NRN,64,62,54,"1,629.00","87,966.00"
2026-04-09,1279,2026040905026269,NRN,1,44,1,"1,596.50","1,596.50"
2026-04-09,1280,2026040905026259,NRN,58,68,21,"1,620.00","34,020.00"
2026-04-09,1281,2026040905026258,NRN,49,68,100,"1,620.20","162,020.00"
2026-04-09,1282,2026040905026257,NRN,34,68,10,"1,621.00","16,210.00"
2026-04-09,1283,2026040905026256,NRN,53,68,500,"1,621.00","810,500.00"
2026-04-09,1284,2026040905026087,NRN,82,62,400,"1,629.00","651,600.00"
2026-04-09,1285,2026040905026086,NRN,82,40,100,"1,629.00","162,900.00"
2026-04-09,1286,2026040905026085,NRN,82,82,500,"1,628.00","814,000.00"
2026-04-09,1287,2026040905026046,NRN,64,40,10,"1,629.00","16,290.00"
2026-04-09,1288,2026040905026045,NRN,64,33,10,"1,629.00","16,290.00"
2026-04-09,1289,2026040905026044,NRN,64,100,27,"1,629.00","43,983.00"
2026-04-09,1290,2026040905026180,NRN,81,39,35,"1,626.00","56,910.00"
2026-04-09,1291,2026040905026162,NRN,64,62,28,"1,629.00","45,612.00"
2026-04-09,1292,2026040905026129,NRN,64,62,58,"1,629.00","94,482.00"
2026-04-09,1293,2026040905026095,NRN,64,62,26,"1,629.00","42,354.00"
2026-04-09,1294,2026040905026220,NRN,74,14,15,"1,625.00","24,375.00"
2026-04-09,1295,2026040905026185,NRN,74,65,406,"1,625.00","659,750.00"
2026-04-09,1296,2026040905026184,NRN,92,65,279,"1,625.20","453,430.80"
2026-04-09,1297,2026040905026183,NRN,81,65,500,"1,625.30","812,650.00"
2026-04-09,1298,2026040905026182,NRN,81,65,115,"1,626.00","186,990.00"
2026-04-09,1299,2026040905026255,NRN,101,68,300,"1,621.40","486,420.00"
2026-04-09,1300,2026040905026254,NRN,38,68,50,"1,624.00","81,200.00"
2026-04-09,1301,2026040905026253,NRN,57,68,19,"1,625.00","30,875.00"
2026-04-09,1302,2026040905026252,NRN,74,68,390,"1,625.00","633,750.00"
2026-04-09,1303,2026040905026251,NRN,60,68,10,"1,626.10","16,261.00"
2026-04-09,1304,2026040905026034,NTC,6,58,5,878.00,"4,390.00"
2026-04-09,1305,2026040905026096,NYADI,94,13,50,420.00,"21,000.00"
2026-04-09,1306,2026040905025809,NYADI,42,13,292,420.00,"122,640.00"
2026-04-09,1307,2026040905026241,PHCL,58,50,404,324.00,"130,896.00"
2026-04-09,1308,2026040905026035,PHCL,51,28,10,323.00,"3,230.00"
2026-04-09,1309,2026040905026029,PHCL,51,83,477,323.00,"154,071.00"
2026-04-09,1310,2026040905025838,PHCL,58,83,23,323.00,"7,429.00"
2026-04-09,1311,2026040905026147,PPL,6,36,35,376.20,"13,167.00"
2026-04-09,1312,2026040905026051,PPL,6,21,15,376.20,"5,643.00"
2026-04-09,1313,2026040905026007,PPL,53,95,400,376.60,"150,640.00"
2026-04-09,1314,2026040905026198,RFPL,58,46,"4,043",397.00,"1,605,071.00"
2026-04-09,1315,2026040905026197,RFPL,58,46,150,397.00,"59,550.00"
2026-04-09,1316,2026040905026196,RFPL,38,46,"3,000",397.00,"1,191,000.00"
2026-04-09,1317,2026040905026195,RFPL,16,46,"1,500",397.10,"595,650.00"
2026-04-09,1318,2026040905026194,RFPL,35,46,461,397.10,"183,063.10"
2026-04-09,1319,2026040905026193,RFPL,1,46,200,397.10,"79,420.00"
2026-04-09,1320,2026040905026192,RFPL,17,46,500,397.40,"198,700.00"
2026-04-09,1321,2026040905026191,RFPL,45,46,46,398.00,"18,308.00"
2026-04-09,1322,2026040905026190,RFPL,42,46,100,399.50,"39,950.00"
2026-04-09,1323,2026040905025813,RFPL,74,64,2,393.00,786.00
2026-04-09,1324,2026040905025949,RHGCL,33,3,"1,000",307.40,"307,400.00"
2026-04-09,1325,2026040905025799,RHGCL,38,96,110,308.00,"33,880.00"
2026-04-09,1326,2026040905026268,RNLI,34,44,10,475.90,"4,759.00"
2026-04-09,1327,2026040905026022,RNLI,45,58,12,474.00,"5,688.00"
2026-04-09,1328,2026040905025979,RNLI,45,69,10,474.00,"4,740.00"
2026-04-09,1329,2026040905025943,RNLI,45,49,12,474.00,"5,688.00"
2026-04-09,1330,2026040905025845,SAGF,6,49,100,10.22,"1,022.00"
2026-04-09,1331,2026040905026297,SAHAS,21,25,39,628.00,"24,492.00"
2026-04-09,1332,2026040905026296,SAHAS,21,49,50,628.00,"31,400.00"
2026-04-09,1333,2026040905026295,SAHAS,21,29,111,627.90,"69,696.90"
2026-04-09,1334,2026040905026141,SAHAS,50,25,41,625.20,"25,633.20"
2026-04-09,1335,2026040905026140,SAHAS,22,25,63,625.20,"39,387.60"
2026-04-09,1336,2026040905026139,SAHAS,34,25,66,625.30,"41,269.80"
2026-04-09,1337,2026040905026138,SAHAS,19,25,200,626.00,"125,200.00"
2026-04-09,1338,2026040905025978,SAHAS,34,34,10,625.30,"6,253.00"
2026-04-09,1339,2026040905025947,SAHAS,34,41,30,625.30,"18,759.00"
2026-04-09,1340,2026040905026264,SGHC,49,52,100,414.00,"41,400.00"
2026-04-09,1341,2026040905026263,SGHC,49,13,100,413.90,"41,390.00"
2026-04-09,1342,2026040905026104,SGHC,64,52,850,414.00,"351,900.00"
2026-04-09,1343,2026040905026103,SGHC,64,45,200,413.90,"82,780.00"
2026-04-09,1344,2026040905025980,SGHC,38,49,10,413.50,"4,135.00"
2026-04-09,1345,2026040905025891,SGHC,58,74,103,413.00,"42,539.00"
2026-04-09,1346,2026040905025861,SGHC,45,71,280,413.20,"115,696.00"
2026-04-09,1347,2026040905025860,SGHC,26,71,20,413.30,"8,266.00"
2026-04-09,1348,2026040905025859,SGHC,62,71,200,413.50,"82,700.00"
2026-04-09,1349,2026040905025858,SGHC,4,71,20,413.50,"8,270.00"
2026-04-09,1350,2026040905025890,SGHC,42,74,77,413.00,"31,801.00"
2026-04-09,1351,2026040905025866,SGHC,42,71,173,413.00,"71,449.00"
2026-04-09,1352,2026040905025865,SGHC,75,71,100,413.00,"41,300.00"
2026-04-09,1353,2026040905025864,SGHC,53,71,50,413.00,"20,650.00"
2026-04-09,1354,2026040905025863,SGHC,58,71,57,413.00,"23,541.00"
2026-04-09,1355,2026040905025862,SGHC,57,71,100,413.00,"41,300.00"
2026-04-09,1356,2026040905026285,SHIVM,74,58,13,695.00,"9,035.00"
2026-04-09,1357,2026040905026267,SHIVM,35,48,293,694.10,"203,371.30"
2026-04-09,1358,2026040905026266,SHIVM,101,48,414,694.20,"287,398.80"
2026-04-09,1359,2026040905026265,SHIVM,42,48,50,694.50,"34,725.00"
2026-04-09,1360,2026040905026242,SHIVM,57,58,10,695.00,"6,950.00"
2026-04-09,1361,2026040905026221,SHIVM,42,6,50,694.50,"34,725.00"
2026-04-09,1362,2026040905025904,SHIVM,101,56,937,695.50,"651,683.50"
2026-04-09,1363,2026040905025903,SHIVM,64,45,115,695.00,"79,925.00"
2026-04-09,1364,2026040905025902,SHIVM,64,36,190,695.00,"132,050.00"
2026-04-09,1365,2026040905025901,SHIVM,64,35,113,695.00,"78,535.00"
2026-04-09,1366,2026040905025900,SHIVM,64,25,50,695.00,"34,750.00"
2026-04-09,1367,2026040905025910,SHIVM,101,63,50,696.00,"34,800.00"
2026-04-09,1368,2026040905025909,SHIVM,101,58,82,696.00,"57,072.00"
2026-04-09,1369,2026040905025908,SHIVM,101,58,50,696.00,"34,800.00"
2026-04-09,1370,2026040905025907,SHIVM,101,35,"1,750",696.00,"1,218,000.00"
2026-04-09,1371,2026040905025906,SHIVM,101,87,"1,000",695.90,"695,900.00"
2026-04-09,1372,2026040905025905,SHIVM,101,13,500,695.80,"347,900.00"
2026-04-09,1373,2026040905025916,SHIVM,101,18,461,696.60,"321,132.60"
2026-04-09,1374,2026040905025915,SHIVM,101,8,208,696.10,"144,788.80"
2026-04-09,1375,2026040905025914,SHIVM,101,4,"1,830",696.00,"1,273,680.00"
2026-04-09,1376,2026040905025913,SHIVM,101,67,250,696.00,"174,000.00"
2026-04-09,1377,2026040905025912,SHIVM,101,35,62,696.00,"43,152.00"
2026-04-09,1378,2026040905025911,SHIVM,101,6,820,696.00,"570,720.00"
2026-04-09,1379,2026040905026120,SHIVM,101,58,23,695.00,"15,985.00"
2026-04-09,1380,2026040905026119,SHIVM,101,58,103,695.00,"71,585.00"
2026-04-09,1381,2026040905026011,SHIVM,38,58,100,695.00,"69,500.00"
2026-04-09,1382,2026040905025983,SHIVM,64,58,177,695.00,"123,015.00"
2026-04-09,1383,2026040905025966,SHIVM,64,42,155,695.00,"107,725.00"
2026-04-09,1384,2026040905025932,SHIVM,64,44,200,695.00,"139,000.00"
2026-04-09,1385,2026040905026146,SHIVM,52,87,76,695.80,"52,880.80"
2026-04-09,1386,2026040905026145,SHIVM,52,39,40,695.70,"27,828.00"
2026-04-09,1387,2026040905026144,SHIVM,52,49,500,695.00,"347,500.00"
2026-04-09,1388,2026040905026143,SHIVM,52,58,384,695.00,"266,880.00"
2026-04-09,1389,2026040905026136,SHIVM,39,58,100,695.00,"69,500.00"
2026-04-09,1390,2026040905026135,SHIVM,49,58,10,695.00,"6,950.00"
2026-04-09,1391,2026040905025951,SIKLES,66,33,10,619.90,"6,199.00"
2026-04-09,1392,2026040905025942,SIKLES,34,7,100,619.90,"61,990.00"
2026-04-09,1393,2026040905025849,SMATA,26,46,30,810.00,"24,300.00"
2026-04-09,1394,2026040905026178,SMH,42,49,23,610.00,"14,030.00"
2026-04-09,1395,2026040905026177,SMH,57,49,10,610.00,"6,100.00"
2026-04-09,1396,2026040905026176,SMH,45,49,181,610.00,"110,410.00"
2026-04-09,1397,2026040905026175,SMH,58,49,20,610.00,"12,200.00"
2026-04-09,1398,2026040905026174,SMH,77,49,60,610.00,"36,600.00"
2026-04-09,1399,2026040905026173,SMH,36,49,30,610.00,"18,300.00"
2026-04-09,1400,2026040905026166,SMH,57,49,80,612.50,"49,000.00"
2026-04-09,1401,2026040905026165,SMH,74,49,100,612.60,"61,260.00"
2026-04-09,1402,2026040905026164,SMH,74,49,95,613.00,"58,235.00"
2026-04-09,1403,2026040905026172,SMH,57,49,50,610.00,"30,500.00"
2026-04-09,1404,2026040905026171,SMH,56,49,24,610.10,"14,642.40"
2026-04-09,1405,2026040905026170,SMH,58,49,100,610.20,"61,020.00"
2026-04-09,1406,2026040905026169,SMH,41,49,30,611.00,"18,330.00"
2026-04-09,1407,2026040905026168,SMH,33,49,97,611.10,"59,276.70"
2026-04-09,1408,2026040905026167,SMH,32,49,100,612.00,"61,200.00"
2026-04-09,1409,2026040905026019,SMHL,46,1,60,510.00,"30,600.00"
2026-04-09,1410,2026040905025988,SMHL,42,26,424,507.00,"214,968.00"
2026-04-09,1411,2026040905025987,SMHL,65,26,16,507.00,"8,112.00"
2026-04-09,1412,2026040905025986,SMHL,72,26,50,507.10,"25,355.00"
2026-04-09,1413,2026040905025985,SMHL,19,26,10,507.20,"5,072.00"
2026-04-09,1414,2026040905025871,SMHL,97,1,90,510.00,"45,900.00"
2026-04-09,1415,2026040905025870,SMHL,97,41,40,509.90,"20,396.00"
2026-04-09,1416,2026040905025869,SMHL,97,34,100,509.90,"50,990.00"
2026-04-09,1417,2026040905025868,SMHL,97,74,60,509.90,"30,594.00"
2026-04-09,1418,2026040905025867,SMHL,97,32,210,509.00,"106,890.00"
2026-04-09,1419,2026040905025856,SMJC,58,32,617,485.00,"299,245.00"
2026-04-09,1420,2026040905025855,SMJC,49,32,200,485.00,"97,000.00"
2026-04-09,1421,2026040905025854,SMJC,58,32,40,485.00,"19,400.00"
2026-04-09,1422,2026040905025853,SMJC,38,32,45,486.00,"21,870.00"
2026-04-09,1423,2026040905025852,SMJC,38,32,100,486.10,"48,610.00"
2026-04-09,1424,2026040905025851,SMJC,38,32,100,488.00,"48,800.00"
2026-04-09,1425,2026040905025850,SMJC,58,32,340,488.00,"165,920.00"
2026-04-09,1426,2026040905026284,SONA,58,13,20,460.00,"9,200.00"
2026-04-09,1427,2026040905026274,SONA,56,42,10,459.50,"4,595.00"
2026-04-09,1428,2026040905026229,SONA,42,13,90,460.00,"41,400.00"
2026-04-09,1429,2026040905026227,SONA,42,58,10,460.00,"4,600.00"
2026-04-09,1430,2026040905026202,SONA,56,50,870,459.50,"399,765.00"
2026-04-09,1431,2026040905026201,SONA,90,50,100,459.60,"45,960.00"
2026-04-09,1432,2026040905026200,SONA,13,50,30,460.00,"13,800.00"
2026-04-09,1433,2026040905026109,SONA,13,64,70,460.00,"32,200.00"
2026-04-09,1434,2026040905026108,SONA,16,64,100,460.00,"46,000.00"
2026-04-09,1435,2026040905025828,SONA,56,58,10,459.50,"4,595.00"
2026-04-09,1436,2026040905025824,SONA,56,69,10,459.50,"4,595.00"
2026-04-09,1437,2026040905026275,SPC,34,57,19,499.70,"9,494.30"
2026-04-09,1438,2026040905025981,SPC,34,69,200,495.00,"99,000.00"
2026-04-09,1439,2026040905025940,SPC,34,91,299,495.00,"148,005.00"
2026-04-09,1440,2026040905025939,SPC,58,91,100,495.00,"49,500.00"
2026-04-09,1441,2026040905025938,SPC,41,91,300,495.00,"148,500.00"
2026-04-09,1442,2026040905025937,SPC,26,91,41,495.10,"20,299.10"
2026-04-09,1443,2026040905026234,SPL,21,48,100,724.10,"72,410.00"
2026-04-09,1444,2026040905026233,SPL,57,48,50,724.20,"36,210.00"
2026-04-09,1445,2026040905026232,SPL,40,48,100,724.30,"72,430.00"
2026-04-09,1446,2026040905026231,SPL,21,48,106,724.50,"76,797.00"
2026-04-09,1447,2026040905026216,TAMOR,42,14,30,448.20,"13,446.00"
2026-04-09,1448,2026040905026215,TAMOR,25,14,370,448.30,"165,871.00"
2026-04-09,1449,2026040905026214,TAMOR,21,14,200,448.30,"89,660.00"
2026-04-09,1450,2026040905026213,TAMOR,77,14,100,448.40,"44,840.00"
2026-04-09,1451,2026040905026212,TAMOR,19,14,100,448.50,"44,850.00"
2026-04-09,1452,2026040905026211,TAMOR,43,14,200,448.60,"89,720.00"
2026-04-09,1453,2026040905025883,TAMOR,4,74,270,449.30,"121,311.00"
2026-04-09,1454,2026040905025882,TAMOR,4,33,10,449.00,"4,490.00"
2026-04-09,1455,2026040905025817,TAMOR,42,18,289,448.90,"129,732.10"
2026-04-09,1456,2026040905025816,TAMOR,11,18,100,449.00,"44,900.00"
2026-04-09,1457,2026040905025815,TAMOR,58,18,50,449.00,"22,450.00"
2026-04-09,1458,2026040905025814,TAMOR,29,18,10,449.00,"4,490.00"
2026-04-09,1459,2026040905026106,TAMOR,39,38,120,448.90,"53,868.00"
2026-04-09,1460,2026040905026105,TAMOR,42,38,91,448.90,"40,849.90"
2026-04-09,1461,2026040905026082,TAMOR,43,38,100,449.00,"44,900.00"
2026-04-09,1462,2026040905026081,TAMOR,45,18,50,449.10,"22,455.00"
2026-04-09,1463,2026040905025956,TAMOR,4,18,420,449.40,"188,748.00"
2026-04-09,1464,2026040905025955,TAMOR,4,74,80,449.30,"35,944.00"
2026-04-09,1465,2026040905026210,TAMOR,39,14,300,448.70,"134,610.00"
2026-04-09,1466,2026040905026209,TAMOR,11,14,200,448.70,"89,740.00"
2026-04-09,1467,2026040905026208,TAMOR,42,14,50,448.80,"22,440.00"
2026-04-09,1468,2026040905026207,TAMOR,39,14,150,448.80,"67,320.00"
2026-04-09,1469,2026040905026206,TAMOR,45,14,300,448.80,"134,640.00"
2026-04-09,1470,2026040905026107,TAMOR,39,38,49,448.80,"21,991.20"
2026-04-09,1471,2026040905026250,TPC,94,49,200,395.00,"79,000.00"
2026-04-09,1472,2026040905026012,TPC,94,29,500,395.00,"197,500.00"
2026-04-09,1473,2026040905025941,TPC,94,51,50,395.00,"19,750.00"
2026-04-09,1474,2026040905026247,TVCL,63,14,370,598.00,"221,260.00"
2026-04-09,1475,2026040905026246,TVCL,4,14,130,598.10,"77,753.00"
2026-04-09,1476,2026040905026230,TVCL,4,14,300,599.40,"179,820.00"
2026-04-09,1477,2026040905026050,TVCL,4,14,700,599.40,"419,580.00"
2026-04-09,1478,2026040905026049,TVCL,4,45,100,599.20,"59,920.00"
2026-04-09,1479,2026040905025977,UHEWA,84,42,96,605.00,"58,080.00"
2026-04-09,1480,2026040905025976,UHEWA,84,69,45,605.00,"27,225.00"
2026-04-09,1481,2026040905025975,UHEWA,84,45,200,605.00,"121,000.00"
2026-04-09,1482,2026040905025974,UHEWA,84,57,241,605.00,"145,805.00"
2026-04-09,1483,2026040905025973,UHEWA,84,57,11,605.00,"6,655.00"
2026-04-09,1484,2026040905025972,UHEWA,84,47,45,605.00,"27,225.00"
2026-04-09,1485,2026040905025971,UHEWA,84,45,100,605.00,"60,500.00"
2026-04-09,1486,2026040905025970,UHEWA,84,42,15,605.00,"9,075.00"
2026-04-09,1487,2026040905025969,UHEWA,84,49,47,605.00,"28,435.00"
2026-04-09,1488,2026040905025968,UHEWA,84,67,200,604.90,"120,980.00"
2026-04-09,1489,2026040905025889,UHEWA,100,14,250,602.80,"150,700.00"
2026-04-09,1490,2026040905026272,USHEC,95,38,100,509.00,"50,900.00"
2026-04-09,1491,2026040905025872,USHEC,95,48,30,509.00,"15,270.00"
2026-04-09,1492,2026040905025898,USHEC,74,16,45,509.80,"22,941.00"
2026-04-09,1493,2026040905025897,USHEC,74,70,370,509.80,"188,626.00"
2026-04-09,1494,2026040905025896,USHEC,74,56,50,509.70,"25,485.00"
2026-04-09,1495,2026040905025899,USHEC,74,50,35,509.90,"17,846.50"
2026-04-09,1496,2026040905026218,USHL,13,44,50,700.10,"35,005.00"
2026-04-09,1497,2026040905026217,USHL,45,44,50,700.10,"35,005.00"
2026-04-09,1498,2026040905026088,VLUCL,52,59,140,543.10,"76,034.00"
2026-04-09,1499,2026040905026021,VLUCL,58,17,220,544.00,"119,680.00"
2026-04-09,1500,2026040905026020,VLUCL,11,17,10,544.00,"5,440.00"
2026-04-09,1501,2026040905025758,AHL,58,33,"1,000",523.00,"523,000.00"
2026-04-09,1502,2026040905025726,AHL,32,33,380,523.00,"198,740.00"
2026-04-09,1503,2026040905025725,AHL,32,50,100,522.80,"52,280.00"
2026-04-09,1504,2026040905025724,AHL,32,50,20,522.70,"10,454.00"
2026-04-09,1505,2026040905025539,BBC,1,62,19,"4,912.00","93,328.00"
2026-04-09,1506,2026040905025332,BEDC,34,38,100,451.00,"45,100.00"
2026-04-09,1507,2026040905025331,BEDC,38,38,100,451.00,"45,100.00"
2026-04-09,1508,2026040905025330,BEDC,47,38,150,451.00,"67,650.00"
