date,sn,contract_no,stock_symbol,buyer,seller,quantity,rate,amount
2026-03-02,1,2026030105013991,AHL,49,64,100,499.80,"49,980.00"
2026-03-02,2,2026030105014228,BBC,14,62,10,"4,668.00","46,680.00"
2026-03-02,3,2026030105014321,BEDC,34,19,20,517.90,"10,358.00"
2026-03-02,4,2026030105014314,BEDC,55,48,50,517.80,"25,890.00"
2026-03-02,5,2026030105014313,BEDC,55,49,10,517.70,"5,177.00"
2026-03-02,6,2026030105014074,BEDC,55,8,10,517.70,"5,177.00"
2026-03-02,7,2026030105014073,BEDC,55,49,10,516.00,"5,160.00"
2026-03-02,8,2026030105014072,BEDC,55,90,50,515.00,"25,750.00"
2026-03-02,9,2026030105014071,BEDC,55,49,10,515.00,"5,150.00"
2026-03-02,10,2026030105014255,BGWT,57,49,10,760.00,"7,600.00"
2026-03-02,11,2026030105014254,BGWT,57,1,10,760.00,"7,600.00"
2026-03-02,12,2026030105014208,BHDC,45,38,10,472.00,"4,720.00"
2026-03-02,13,2026030105014147,BHDC,45,25,100,472.00,"47,200.00"
2026-03-02,14,2026030105013986,BHL,22,59,155,199.50,"30,922.50"
2026-03-02,15,2026030105014290,BHPL,34,34,10,586.00,"5,860.00"
2026-03-02,16,2026030105014151,BHPL,32,34,10,575.00,"5,750.00"
2026-03-02,17,2026030105014108,BHPL,34,39,50,566.10,"28,305.00"
2026-03-02,18,2026030105014107,BHPL,34,29,"1,000",566.10,"566,100.00"
2026-03-02,19,2026030105014106,BHPL,34,56,50,566.10,"28,305.00"
2026-03-02,20,2026030105014105,BHPL,34,34,500,566.10,"283,050.00"
2026-03-02,21,2026030105014080,BHPL,34,51,316,555.00,"175,380.00"
2026-03-02,22,2026030105014011,BHPL,38,57,200,551.20,"110,240.00"
2026-03-02,23,2026030105014086,BHPL,34,6,200,557.00,"111,400.00"
2026-03-02,24,2026030105014085,BHPL,34,57,500,557.00,"278,500.00"
2026-03-02,25,2026030105014084,BHPL,34,35,50,555.00,"27,750.00"
2026-03-02,26,2026030105014083,BHPL,34,34,710,555.00,"394,050.00"
2026-03-02,27,2026030105014082,BHPL,34,75,100,555.00,"55,500.00"
2026-03-02,28,2026030105014081,BHPL,34,21,100,555.00,"55,500.00"
2026-03-02,29,2026030105014092,BHPL,34,45,10,560.00,"5,600.00"
2026-03-02,30,2026030105014091,BHPL,34,42,10,559.90,"5,599.00"
2026-03-02,31,2026030105014090,BHPL,34,22,50,559.90,"27,995.00"
2026-03-02,32,2026030105014089,BHPL,34,22,30,559.80,"16,794.00"
2026-03-02,33,2026030105014088,BHPL,34,6,20,558.90,"11,178.00"
2026-03-02,34,2026030105014087,BHPL,34,20,100,557.70,"55,770.00"
2026-03-02,35,2026030105014098,BHPL,34,74,100,565.00,"56,500.00"
2026-03-02,36,2026030105014097,BHPL,34,74,300,562.00,"168,600.00"
2026-03-02,37,2026030105014096,BHPL,34,11,250,561.00,"140,250.00"
2026-03-02,38,2026030105014095,BHPL,34,40,100,560.60,"56,060.00"
2026-03-02,39,2026030105014094,BHPL,34,58,60,560.00,"33,600.00"
2026-03-02,40,2026030105014093,BHPL,34,42,10,560.00,"5,600.00"
2026-03-02,41,2026030105014104,BHPL,34,41,200,566.00,"113,200.00"
2026-03-02,42,2026030105014103,BHPL,34,17,300,566.00,"169,800.00"
2026-03-02,43,2026030105014102,BHPL,34,95,300,566.00,"169,800.00"
2026-03-02,44,2026030105014101,BHPL,34,45,100,566.00,"56,600.00"
2026-03-02,45,2026030105014100,BHPL,34,58,530,566.00,"299,980.00"
2026-03-02,46,2026030105014099,BHPL,34,28,80,565.80,"45,264.00"
2026-03-02,47,2026030105014252,BNHC,38,50,30,336.60,"10,098.00"
2026-03-02,48,2026030105014251,BNHC,58,50,20,337.00,"6,740.00"
2026-03-02,49,2026030105014057,BNHC,58,48,20,340.00,"6,800.00"
2026-03-02,50,2026030105014186,CHDC,47,45,110,"2,519.00","277,090.00"
2026-03-02,51,2026030105014185,CHDC,47,42,50,"2,518.00","125,900.00"
2026-03-02,52,2026030105014184,CHDC,47,32,40,"2,512.00","100,480.00"
2026-03-02,53,2026030105014119,CHDC,63,49,"2,153","2,510.00","5,404,030.00"
2026-03-02,54,2026030105014118,CHDC,17,49,647,"2,510.00","1,623,970.00"
2026-03-02,55,2026030105014117,CHDC,19,49,200,"2,512.00","502,400.00"
2026-03-02,56,2026030105014038,CHDC,47,45,300,"2,519.00","755,700.00"
2026-03-02,57,2026030105014042,CIT,38,14,10,"1,789.50","17,895.00"
2026-03-02,58,2026030105014041,CIT,38,98,20,"1,785.00","35,700.00"
2026-03-02,59,2026030105014040,CIT,38,18,10,"1,780.00","17,800.00"
2026-03-02,60,2026030105014009,CIT,28,35,10,"1,775.60","17,756.00"
2026-03-02,61,2026030105013996,CIT,29,18,30,"1,780.00","53,400.00"
2026-03-02,62,2026030105014452,CKHL,92,33,10,683.00,"6,830.00"
2026-03-02,63,2026030105014451,CKHL,92,47,10,680.00,"6,800.00"
2026-03-02,64,2026030105014450,CKHL,92,14,10,680.00,"6,800.00"
2026-03-02,65,2026030105014449,CKHL,92,14,10,675.00,"6,750.00"
2026-03-02,66,2026030105014448,CKHL,92,49,10,675.00,"6,750.00"
2026-03-02,67,2026030105014354,CLI,58,8,25,469.00,"11,725.00"
2026-03-02,68,2026030105014353,CLI,19,8,30,469.00,"14,070.00"
2026-03-02,69,2026030105014352,CLI,52,8,32,469.00,"15,008.00"
2026-03-02,70,2026030105014351,CLI,17,8,287,469.50,"134,746.50"
2026-03-02,71,2026030105014350,CLI,49,8,"3,000",469.60,"1,408,800.00"
2026-03-02,72,2026030105014349,CLI,41,8,200,470.00,"94,000.00"
2026-03-02,73,2026030105014284,CLI,29,8,10,474.50,"4,745.00"
2026-03-02,74,2026030105014169,CLI,29,8,10,474.50,"4,745.00"
2026-03-02,75,2026030105014342,CLI,42,8,200,470.50,"94,100.00"
2026-03-02,76,2026030105014341,CLI,28,8,10,471.00,"4,710.00"
2026-03-02,77,2026030105014340,CLI,22,8,12,473.00,"5,676.00"
2026-03-02,78,2026030105014339,CLI,38,8,10,473.00,"4,730.00"
2026-03-02,79,2026030105014322,CLI,38,52,10,474.00,"4,740.00"
2026-03-02,80,2026030105014299,CLI,38,8,20,474.50,"9,490.00"
2026-03-02,81,2026030105014348,CLI,34,8,50,470.00,"23,500.00"
2026-03-02,82,2026030105014347,CLI,61,8,37,470.00,"17,390.00"
2026-03-02,83,2026030105014346,CLI,40,8,27,470.00,"12,690.00"
2026-03-02,84,2026030105014345,CLI,33,8,10,470.10,"4,701.00"
2026-03-02,85,2026030105014344,CLI,38,8,50,470.20,"23,510.00"
2026-03-02,86,2026030105014343,CLI,38,8,20,470.30,"9,406.00"
2026-03-02,87,2026030105014359,DORDI,45,48,100,273.60,"27,360.00"
2026-03-02,88,2026030105014020,DORDI,38,45,200,273.30,"54,660.00"
2026-03-02,89,2026030105014019,DORDI,38,45,50,273.60,"13,680.00"
2026-03-02,90,2026030105014018,DORDI,49,45,200,273.60,"54,720.00"
2026-03-02,91,2026030105014017,DORDI,42,45,550,273.60,"150,480.00"
2026-03-02,92,2026030105014187,EHPL,58,91,49,412.00,"20,188.00"
2026-03-02,93,2026030105014146,EHPL,6,91,15,412.00,"6,180.00"
2026-03-02,94,2026030105014145,EHPL,6,43,470,412.00,"193,640.00"
2026-03-02,95,2026030105014138,ENL,13,45,100,906.50,"90,650.00"
2026-03-02,96,2026030105014274,GCIL,49,58,1,415.00,415.00
2026-03-02,97,2026030105014219,GCIL,49,58,1,415.00,415.00
2026-03-02,98,2026030105014143,GCIL,49,58,1,415.00,415.00
2026-03-02,99,2026030105014257,GVL,14,48,214,486.00,"104,004.00"
2026-03-02,100,2026030105014226,GVL,14,66,206,486.00,"100,116.00"
2026-03-02,101,2026030105014225,GVL,41,66,500,486.00,"243,000.00"
2026-03-02,102,2026030105014224,GVL,42,66,44,486.00,"21,384.00"
2026-03-02,103,2026030105014037,GVL,4,55,200,486.00,"97,200.00"
2026-03-02,104,2026030105013995,GVL,6,8,51,485.20,"24,745.20"
2026-03-02,105,2026030105013994,GVL,43,8,80,485.20,"38,816.00"
2026-03-02,106,2026030105014183,GVL,42,45,350,486.00,"170,100.00"
2026-03-02,107,2026030105014141,GVL,42,29,106,486.00,"51,516.00"
2026-03-02,108,2026030105014129,GVL,57,29,144,486.00,"69,984.00"
2026-03-02,109,2026030105014122,GVL,16,29,750,486.00,"364,500.00"
2026-03-02,110,2026030105014121,GVL,16,55,200,486.00,"97,200.00"
2026-03-02,111,2026030105014120,GVL,16,42,50,485.90,"24,295.00"
2026-03-02,112,2026030105014113,HATHY,34,8,47,904.00,"42,488.00"
2026-03-02,113,2026030105014112,HATHY,48,8,10,904.00,"9,040.00"
2026-03-02,114,2026030105014111,HATHY,29,8,45,904.00,"40,680.00"
2026-03-02,115,2026030105014110,HATHY,42,8,91,904.10,"82,273.10"
2026-03-02,116,2026030105014109,HATHY,11,8,57,904.20,"51,539.40"
2026-03-02,117,2026030105014058,HDL,57,45,40,"1,144.50","45,780.00"
2026-03-02,118,2026030105014056,HDL,44,36,20,"1,144.10","22,882.00"
2026-03-02,119,2026030105013992,HDL,53,45,10,"1,144.50","11,445.00"
2026-03-02,120,2026030105014116,HDL,45,7,50,"1,144.10","57,205.00"
2026-03-02,121,2026030105014115,HDL,44,7,12,"1,144.10","13,729.20"
2026-03-02,122,2026030105014114,HDL,17,7,100,"1,144.10","114,410.00"
2026-03-02,123,2026030105014079,HDL,47,45,100,"1,145.00","114,500.00"
2026-03-02,124,2026030105014059,HDL,57,45,60,"1,145.00","68,700.00"
2026-03-02,125,2026030105014155,HDL,1,45,109,"1,145.00","124,805.00"
2026-03-02,126,2026030105014154,HDL,1,7,20,"1,144.10","22,882.00"
2026-03-02,127,2026030105014175,HDL,49,7,21,"1,145.00","24,045.00"
2026-03-02,128,2026030105014161,HDL,49,14,29,"1,145.00","33,205.00"
2026-03-02,129,2026030105014157,HDL,1,14,121,"1,145.00","138,545.00"
2026-03-02,130,2026030105014156,HDL,1,58,50,"1,145.00","57,250.00"
2026-03-02,131,2026030105014180,HDL,49,7,149,"1,144.00","170,456.00"
2026-03-02,132,2026030105014179,HDL,57,7,52,"1,144.00","59,488.00"
2026-03-02,133,2026030105014178,HDL,58,7,10,"1,144.00","11,440.00"
2026-03-02,134,2026030105014177,HDL,51,7,85,"1,144.00","97,240.00"
2026-03-02,135,2026030105014176,HDL,58,7,165,"1,144.00","188,760.00"
2026-03-02,136,2026030105014455,HHL,39,32,23,335.20,"7,709.60"
2026-03-02,137,2026030105014454,HHL,41,32,27,335.30,"9,053.10"
2026-03-02,138,2026030105014453,HHL,51,32,400,335.40,"134,160.00"
2026-03-02,139,2026030105014289,HHL,41,13,500,335.30,"167,650.00"
2026-03-02,140,2026030105014207,HHL,41,34,50,335.30,"16,765.00"
2026-03-02,141,2026030105014206,HHL,58,34,150,335.40,"50,310.00"
2026-03-02,142,2026030105014070,HHL,45,48,300,335.50,"100,650.00"
2026-03-02,143,2026030105014069,HHL,43,48,20,335.50,"6,710.00"
2026-03-02,144,2026030105014068,HHL,49,48,450,335.50,"150,975.00"
2026-03-02,145,2026030105014067,HHL,58,48,150,335.50,"50,325.00"
2026-03-02,146,2026030105014461,HIDCL,62,51,10,261.90,"2,619.00"
2026-03-02,147,2026030105014328,HIDCL,92,51,411,261.90,"107,640.90"
2026-03-02,148,2026030105014327,HIDCL,92,38,200,261.80,"52,360.00"
2026-03-02,149,2026030105014326,HIDCL,92,29,289,261.80,"75,660.20"
2026-03-02,150,2026030105014325,HIDCL,92,35,100,261.70,"26,170.00"
2026-03-02,151,2026030105014172,HIDCL,42,29,700,261.80,"183,260.00"
2026-03-02,152,2026030105014050,HIDCL,22,6,200,261.20,"52,240.00"
2026-03-02,153,2026030105014049,HIDCL,58,6,50,261.20,"13,060.00"
2026-03-02,154,2026030105014048,HIDCL,41,6,425,261.50,"111,137.50"
2026-03-02,155,2026030105014047,HIDCL,58,6,58,261.50,"15,167.00"
2026-03-02,156,2026030105014046,HIDCL,40,6,66,261.50,"17,259.00"
2026-03-02,157,2026030105014077,HIDCL,45,29,11,261.80,"2,879.80"
2026-03-02,158,2026030105014055,HIDCL,11,6,200,261.00,"52,200.00"
2026-03-02,159,2026030105014054,HIDCL,37,6,50,261.00,"13,050.00"
2026-03-02,160,2026030105014053,HIDCL,41,6,"1,000",261.10,"261,100.00"
2026-03-02,161,2026030105014052,HIDCL,48,6,500,261.10,"130,550.00"
2026-03-02,162,2026030105014051,HIDCL,40,6,300,261.10,"78,330.00"
2026-03-02,163,2026030105014297,HRL,29,49,11,845.00,"9,295.00"
2026-03-02,164,2026030105014296,HRL,29,98,50,845.00,"42,250.00"
2026-03-02,165,2026030105014295,HRL,29,41,50,845.00,"42,250.00"
2026-03-02,166,2026030105014294,HRL,29,95,394,845.00,"332,930.00"
2026-03-02,167,2026030105014293,HRL,29,58,12,844.90,"10,138.80"
2026-03-02,168,2026030105014196,HRL,50,14,150,844.00,"126,600.00"
2026-03-02,169,2026030105014029,HRL,100,95,606,845.00,"512,070.00"
2026-03-02,170,2026030105014028,HRL,100,58,10,845.00,"8,450.00"
2026-03-02,171,2026030105014027,HRL,100,45,394,845.00,"332,930.00"
2026-03-02,172,2026030105014026,HRL,100,34,490,844.90,"414,001.00"
2026-03-02,173,2026030105014025,HRL,100,88,500,844.00,"422,000.00"
2026-03-02,174,2026030105014211,IHL,49,29,28,509.90,"14,277.20"
2026-03-02,175,2026030105014282,ILI,44,6,6,442.00,"2,652.00"
2026-03-02,176,2026030105014281,ILI,42,6,50,442.00,"22,100.00"
2026-03-02,177,2026030105014280,ILI,56,6,10,442.00,"4,420.00"
2026-03-02,178,2026030105014279,ILI,38,6,34,442.00,"15,028.00"
2026-03-02,179,2026030105014276,ILI,4,42,10,443.00,"4,430.00"
2026-03-02,180,2026030105014139,ILI,38,21,35,442.00,"15,470.00"
2026-03-02,181,2026030105014044,ILI,38,42,20,442.00,"8,840.00"
2026-03-02,182,2026030105014135,MANDU,11,55,100,810.00,"81,000.00"
2026-03-02,183,2026030105014134,MANDU,11,58,10,810.00,"8,100.00"
2026-03-02,184,2026030105014460,MBJC,48,39,58,289.20,"16,773.60"
2026-03-02,185,2026030105014275,MBJC,38,39,22,289.20,"6,362.40"
2026-03-02,186,2026030105014204,MBJC,50,65,10,289.20,"2,892.00"
2026-03-02,187,2026030105014312,MCHL,39,34,67,415.80,"27,858.60"
2026-03-02,188,2026030105014311,MCHL,39,74,500,415.80,"207,900.00"
2026-03-02,189,2026030105014310,MCHL,39,59,20,415.10,"8,302.00"
2026-03-02,190,2026030105014309,MCHL,39,26,20,415.00,"8,300.00"
2026-03-02,191,2026030105014308,MCHL,39,34,"1,000",415.00,"415,000.00"
2026-03-02,192,2026030105014307,MCHL,39,19,30,415.00,"12,450.00"
2026-03-02,193,2026030105014306,MCHL,39,58,10,412.00,"4,120.00"
2026-03-02,194,2026030105014305,MCHL,39,36,190,407.70,"77,463.00"
2026-03-02,195,2026030105014304,MCHL,39,22,78,407.00,"31,746.00"
2026-03-02,196,2026030105014303,MCHL,39,7,120,406.00,"48,720.00"
2026-03-02,197,2026030105014302,MCHL,39,55,465,406.00,"188,790.00"
2026-03-02,198,2026030105014301,MCHL,39,37,"1,000",406.00,"406,000.00"
2026-03-02,199,2026030105014334,MEHL,58,57,"1,000",438.00,"438,000.00"
2026-03-02,200,2026030105014006,MEHL,58,34,"1,000",438.00,"438,000.00"
2026-03-02,201,2026030105014005,MEHL,58,40,550,437.90,"240,845.00"
2026-03-02,202,2026030105014004,MEHL,58,21,370,436.50,"161,505.00"
2026-03-02,203,2026030105014003,MEHL,58,49,10,436.00,"4,360.00"
2026-03-02,204,2026030105014002,MEHL,58,22,10,436.00,"4,360.00"
2026-03-02,205,2026030105014209,MEL,55,53,150,283.00,"42,450.00"
2026-03-02,206,2026030105014357,MHCL,47,46,245,340.00,"83,300.00"
2026-03-02,207,2026030105014356,MHCL,47,33,100,340.00,"34,000.00"
2026-03-02,208,2026030105014355,MHCL,47,38,24,340.00,"8,160.00"
2026-03-02,209,2026030105014318,MHCL,21,6,"1,190",339.10,"403,529.00"
2026-03-02,210,2026030105014317,MHCL,11,6,20,339.10,"6,782.00"
2026-03-02,211,2026030105014316,MHCL,34,6,200,339.20,"67,840.00"
2026-03-02,212,2026030105014283,MHCL,47,38,20,340.00,"6,800.00"
2026-03-02,213,2026030105014136,MHCL,52,38,30,340.00,"10,200.00"
2026-03-02,214,2026030105014010,MHCL,44,65,200,339.00,"67,800.00"
2026-03-02,215,2026030105014278,MKHC,48,42,13,319.40,"4,152.20"
2026-03-02,216,2026030105014171,MKHC,58,57,250,319.00,"79,750.00"
2026-03-02,217,2026030105014065,MKHC,14,42,264,319.40,"84,321.60"
2026-03-02,218,2026030105014064,MKHC,14,57,10,319.40,"3,194.00"
2026-03-02,219,2026030105014063,MKHC,14,19,10,319.40,"3,194.00"
2026-03-02,220,2026030105014062,MKHC,14,13,227,319.20,"72,458.40"
2026-03-02,221,2026030105014447,MKHL,92,38,10,790.50,"7,905.00"
2026-03-02,222,2026030105014446,MKHL,92,35,50,790.00,"39,500.00"
2026-03-02,223,2026030105014445,MKHL,92,50,10,790.00,"7,900.00"
2026-03-02,224,2026030105014444,MKHL,92,58,10,790.00,"7,900.00"
2026-03-02,225,2026030105014443,MKHL,92,62,50,790.00,"39,500.00"
2026-03-02,226,2026030105014442,MKHL,92,36,10,790.00,"7,900.00"
2026-03-02,227,2026030105014441,MKHL,92,19,10,789.90,"7,899.00"
2026-03-02,228,2026030105013999,MKJC,44,34,80,528.80,"42,304.00"
2026-03-02,229,2026030105013998,MKJC,44,1,15,528.70,"7,930.50"
2026-03-02,230,2026030105014203,MMF1,55,4,"5,100",9.25,"47,175.00"
2026-03-02,231,2026030105014202,MMF1,48,4,200,9.26,"1,852.00"
2026-03-02,232,2026030105014201,MMF1,55,4,"4,700",9.26,"43,522.00"
2026-03-02,233,2026030105014076,MMF1,55,5,300,9.26,"2,778.00"
2026-03-02,234,2026030105014075,MMF1,52,5,700,9.26,"6,482.00"
2026-03-02,235,2026030105014367,MMKJL,42,57,113,565.00,"63,845.00"
2026-03-02,236,2026030105014366,MMKJL,42,96,100,565.00,"56,500.00"
2026-03-02,237,2026030105014365,MMKJL,42,56,50,564.90,"28,245.00"
2026-03-02,238,2026030105014364,MMKJL,42,57,67,564.90,"37,848.30"
2026-03-02,239,2026030105014358,MMKJL,26,57,200,564.90,"112,980.00"
2026-03-02,240,2026030105014287,MMKJL,57,57,10,564.90,"5,649.00"
2026-03-02,241,2026030105014137,MSHL,58,39,10,791.00,"7,910.00"
2026-03-02,242,2026030105013988,NBF3,22,74,500,9.42,"4,710.00"
2026-03-02,243,2026030105014459,NIFRA,74,58,10,262.80,"2,628.00"
2026-03-02,244,2026030105014458,NIFRA,74,39,800,262.80,"210,240.00"
2026-03-02,245,2026030105014272,NIFRA,74,26,400,262.00,"104,800.00"
2026-03-02,246,2026030105014247,NIFRA,74,59,150,262.00,"39,300.00"
2026-03-02,247,2026030105014246,NIFRA,74,52,"3,000",262.00,"786,000.00"
2026-03-02,248,2026030105014245,NIFRA,74,55,54,262.00,"14,148.00"
2026-03-02,249,2026030105014232,NIFRA,74,34,175,262.00,"45,850.00"
2026-03-02,250,2026030105014210,NIFRA,32,58,244,261.70,"63,854.80"
2026-03-02,251,2026030105013983,NIFRA,32,35,514,261.60,"134,462.40"
2026-03-02,252,2026030105014238,NIFRA,74,13,100,262.00,"26,200.00"
2026-03-02,253,2026030105014237,NIFRA,74,52,14,262.00,"3,668.00"
2026-03-02,254,2026030105014236,NIFRA,74,50,22,262.00,"5,764.00"
2026-03-02,255,2026030105014235,NIFRA,74,26,25,262.00,"6,550.00"
2026-03-02,256,2026030105014234,NIFRA,74,17,"3,500",262.00,"917,000.00"
2026-03-02,257,2026030105014233,NIFRA,74,35,200,262.00,"52,400.00"
2026-03-02,258,2026030105014244,NIFRA,74,55,64,262.00,"16,768.00"
2026-03-02,259,2026030105014243,NIFRA,74,74,500,262.00,"131,000.00"
2026-03-02,260,2026030105014242,NIFRA,74,26,500,262.00,"131,000.00"
2026-03-02,261,2026030105014241,NIFRA,74,72,100,262.00,"26,200.00"
2026-03-02,262,2026030105014240,NIFRA,74,63,54,262.00,"14,148.00"
2026-03-02,263,2026030105014239,NIFRA,74,26,54,262.00,"14,148.00"
2026-03-02,264,2026030105014320,NRIC,49,92,10,"1,227.00","12,270.00"
2026-03-02,265,2026030105014298,NRIC,6,38,10,"1,226.00","12,260.00"
2026-03-02,266,2026030105014292,NRIC,6,35,50,"1,226.00","61,300.00"
2026-03-02,267,2026030105014008,NRIC,64,48,100,"1,225.90","122,590.00"
2026-03-02,268,2026030105014270,NRM,22,33,20,420.00,"8,400.00"
2026-03-02,269,2026030105014269,NRM,1,33,200,420.00,"84,000.00"
2026-03-02,270,2026030105014268,NRM,29,33,104,420.00,"43,680.00"
2026-03-02,271,2026030105014016,NRM,29,59,170,420.00,"71,400.00"
2026-03-02,272,2026030105014015,NRM,29,6,50,420.00,"21,000.00"
2026-03-02,273,2026030105014014,NRM,29,52,10,420.00,"4,200.00"
2026-03-02,274,2026030105014013,NRM,29,59,502,420.00,"210,840.00"
2026-03-02,275,2026030105014012,NRM,29,75,364,420.00,"152,880.00"
2026-03-02,276,2026030105014457,NRN,60,48,10,"1,489.00","14,890.00"
2026-03-02,277,2026030105014456,NRN,38,48,11,"1,489.00","16,379.00"
2026-03-02,278,2026030105014382,NRN,65,48,10,"1,489.00","14,890.00"
2026-03-02,279,2026030105014227,NRN,60,48,10,"1,489.00","14,890.00"
2026-03-02,280,2026030105013989,NRN,54,48,50,"1,489.00","74,450.00"
2026-03-02,281,2026030105014124,NRN,38,98,20,"1,482.00","29,640.00"
2026-03-02,282,2026030105014127,NRN,36,98,930,"1,480.50","1,376,865.00"
2026-03-02,283,2026030105014126,NRN,53,98,50,"1,481.20","74,060.00"
2026-03-02,284,2026030105014125,NRN,32,98,500,"1,482.00","741,000.00"
2026-03-02,285,2026030105014160,NRN,36,10,280,"1,480.50","414,540.00"
2026-03-02,286,2026030105014159,NRN,35,10,20,"1,481.30","29,626.00"
2026-03-02,287,2026030105014181,NRN,60,48,10,"1,489.00","14,890.00"
2026-03-02,288,2026030105014142,NSIF2,17,34,"1,000",10.69,"10,690.00"
2026-03-02,289,2026030105014436,NTC,47,65,195,876.00,"170,820.00"
2026-03-02,290,2026030105014435,NTC,47,57,60,876.00,"52,560.00"
2026-03-02,291,2026030105014434,NTC,47,57,35,875.00,"30,625.00"
2026-03-02,292,2026030105014433,NTC,47,38,150,875.00,"131,250.00"
2026-03-02,293,2026030105014432,NTC,47,42,300,875.00,"262,500.00"
2026-03-02,294,2026030105014431,NTC,47,55,300,874.60,"262,380.00"
2026-03-02,295,2026030105014167,NTC,22,58,47,858.00,"40,326.00"
2026-03-02,296,2026030105014144,NTC,22,3,68,858.00,"58,344.00"
2026-03-02,297,2026030105014388,NTC,47,26,200,859.10,"171,820.00"
2026-03-02,298,2026030105014387,NTC,47,33,300,859.00,"257,700.00"
2026-03-02,299,2026030105014386,NTC,47,58,25,859.00,"21,475.00"
2026-03-02,300,2026030105014385,NTC,47,6,40,859.00,"34,360.00"
2026-03-02,301,2026030105014264,NTC,54,6,50,859.00,"42,950.00"
2026-03-02,302,2026030105014205,NTC,47,33,200,858.90,"171,780.00"
2026-03-02,303,2026030105014394,NTC,47,34,50,860.00,"43,000.00"
2026-03-02,304,2026030105014393,NTC,47,57,"1,000",860.00,"860,000.00"
2026-03-02,305,2026030105014392,NTC,47,45,85,860.00,"73,100.00"
2026-03-02,306,2026030105014391,NTC,47,57,520,860.00,"447,200.00"
2026-03-02,307,2026030105014390,NTC,47,57,100,860.00,"86,000.00"
2026-03-02,308,2026030105014389,NTC,47,26,300,859.20,"257,760.00"
2026-03-02,309,2026030105014400,NTC,47,34,50,860.00,"43,000.00"
2026-03-02,310,2026030105014399,NTC,47,1,100,860.00,"86,000.00"
2026-03-02,311,2026030105014398,NTC,47,6,30,860.00,"25,800.00"
2026-03-02,312,2026030105014397,NTC,47,65,45,860.00,"38,700.00"
2026-03-02,313,2026030105014396,NTC,47,5,100,860.00,"86,000.00"
2026-03-02,314,2026030105014395,NTC,47,34,100,860.00,"86,000.00"
2026-03-02,315,2026030105014406,NTC,47,49,20,864.00,"17,280.00"
2026-03-02,316,2026030105014405,NTC,47,7,10,863.00,"8,630.00"
2026-03-02,317,2026030105014404,NTC,47,45,40,863.00,"34,520.00"
2026-03-02,318,2026030105014403,NTC,47,26,50,860.00,"43,000.00"
2026-03-02,319,2026030105014402,NTC,47,45,100,860.00,"86,000.00"
2026-03-02,320,2026030105014401,NTC,47,58,50,860.00,"43,000.00"
2026-03-02,321,2026030105014412,NTC,47,34,500,866.00,"433,000.00"
2026-03-02,322,2026030105014411,NTC,47,34,400,865.60,"346,240.00"
2026-03-02,323,2026030105014410,NTC,47,34,400,865.20,"346,080.00"
2026-03-02,324,2026030105014409,NTC,47,34,200,865.00,"173,000.00"
2026-03-02,325,2026030105014408,NTC,47,58,60,865.00,"51,900.00"
2026-03-02,326,2026030105014407,NTC,47,63,10,864.00,"8,640.00"
2026-03-02,327,2026030105014418,NTC,47,58,50,870.00,"43,500.00"
2026-03-02,328,2026030105014417,NTC,47,42,20,869.00,"17,380.00"
2026-03-02,329,2026030105014416,NTC,47,57,50,869.00,"43,450.00"
2026-03-02,330,2026030105014415,NTC,47,75,198,868.00,"171,864.00"
2026-03-02,331,2026030105014414,NTC,47,35,20,868.00,"17,360.00"
2026-03-02,332,2026030105014413,NTC,47,58,500,867.00,"433,500.00"
2026-03-02,333,2026030105014424,NTC,47,34,30,872.00,"26,160.00"
2026-03-02,334,2026030105014423,NTC,47,89,100,872.00,"87,200.00"
2026-03-02,335,2026030105014422,NTC,47,77,598,870.00,"520,260.00"
2026-03-02,336,2026030105014421,NTC,47,42,72,870.00,"62,640.00"
2026-03-02,337,2026030105014420,NTC,47,49,35,870.00,"30,450.00"
2026-03-02,338,2026030105014419,NTC,47,49,80,870.00,"69,600.00"
2026-03-02,339,2026030105014430,NTC,47,4,200,874.00,"174,800.00"
2026-03-02,340,2026030105014429,NTC,47,57,50,872.60,"43,630.00"
2026-03-02,341,2026030105014428,NTC,47,42,131,872.10,"114,245.10"
2026-03-02,342,2026030105014427,NTC,47,62,10,872.10,"8,721.00"
2026-03-02,343,2026030105014426,NTC,47,46,15,872.10,"13,081.50"
2026-03-02,344,2026030105014425,NTC,47,51,850,872.00,"741,200.00"
2026-03-02,345,2026030105013993,NYADI,80,55,10,394.40,"3,944.00"
2026-03-02,346,2026030105014333,PHCL,32,58,300,286.50,"85,950.00"
2026-03-02,347,2026030105014332,PHCL,32,84,50,287.00,"14,350.00"
2026-03-02,348,2026030105014188,PHCL,17,84,20,287.00,"5,740.00"
2026-03-02,349,2026030105014133,PHCL,32,34,250,286.50,"71,625.00"
2026-03-02,350,2026030105014130,PHCL,83,84,100,287.00,"28,700.00"
2026-03-02,351,2026030105013987,PHCL,14,84,100,287.00,"28,700.00"
2026-03-02,352,2026030105014381,PPL,48,36,535,381.90,"204,316.50"
2026-03-02,353,2026030105014195,PPL,48,43,100,381.50,"38,150.00"
2026-03-02,354,2026030105014150,PPL,67,36,20,381.90,"7,638.00"
2026-03-02,355,2026030105014061,PPL,48,44,500,381.50,"190,750.00"
2026-03-02,356,2026030105014060,PPL,48,49,252,381.50,"96,138.00"
2026-03-02,357,2026030105014024,PPL,14,59,150,381.00,"57,150.00"
2026-03-02,358,2026030105014023,PPL,48,59,350,381.10,"133,385.00"
2026-03-02,359,2026030105014379,RFPL,6,69,500,390.00,"195,000.00"
2026-03-02,360,2026030105014378,RFPL,42,69,154,390.00,"60,060.00"
2026-03-02,361,2026030105014377,RFPL,58,69,30,390.00,"11,700.00"
2026-03-02,362,2026030105014376,RFPL,45,69,100,390.10,"39,010.00"
2026-03-02,363,2026030105014375,RFPL,58,69,100,390.20,"39,020.00"
2026-03-02,364,2026030105014374,RFPL,49,69,100,390.50,"39,050.00"
2026-03-02,365,2026030105014128,RFPL,44,41,50,391.00,"19,550.00"
2026-03-02,366,2026030105014032,RFPL,44,57,100,391.00,"39,100.00"
2026-03-02,367,2026030105014031,RFPL,44,41,50,391.00,"19,550.00"
2026-03-02,368,2026030105014030,RFPL,44,58,29,391.00,"11,339.00"
2026-03-02,369,2026030105014373,RFPL,35,69,630,390.50,"246,015.00"
2026-03-02,370,2026030105014372,RFPL,44,69,471,391.00,"184,161.00"
2026-03-02,371,2026030105014331,RFPL,6,60,468,392.00,"183,456.00"
2026-03-02,372,2026030105014330,RFPL,6,36,32,392.00,"12,544.00"
2026-03-02,373,2026030105014323,RFPL,44,58,100,391.00,"39,100.00"
2026-03-02,374,2026030105014248,RFPL,44,58,200,391.00,"78,200.00"
2026-03-02,375,2026030105014363,RHGCL,75,59,10,273.00,"2,730.00"
2026-03-02,376,2026030105014258,RHGCL,75,19,727,273.00,"198,471.00"
2026-03-02,377,2026030105014286,RMF1,58,41,"2,000",9.75,"19,500.00"
2026-03-02,378,2026030105014285,RMF1,58,43,"5,000",9.75,"48,750.00"
2026-03-02,379,2026030105014231,RNLI,42,44,50,471.00,"23,550.00"
2026-03-02,380,2026030105014230,RNLI,3,44,75,471.00,"35,325.00"
2026-03-02,381,2026030105014229,RNLI,41,44,33,471.00,"15,543.00"
2026-03-02,382,2026030105014168,RNLI,41,26,350,471.00,"164,850.00"
2026-03-02,383,2026030105014045,RNLI,41,38,10,471.00,"4,710.00"
2026-03-02,384,2026030105014481,SAHAS,65,13,50,579.00,"28,950.00"
2026-03-02,385,2026030105014439,SAHAS,42,67,55,579.90,"31,894.50"
2026-03-02,386,2026030105014438,SAHAS,42,28,36,579.40,"20,858.40"
2026-03-02,387,2026030105014437,SAHAS,42,34,30,579.40,"17,382.00"
2026-03-02,388,2026030105014267,SAHAS,65,7,50,579.00,"28,950.00"
2026-03-02,389,2026030105014266,SAHAS,65,25,250,578.50,"144,625.00"
2026-03-02,390,2026030105014153,SAHAS,58,57,17,578.00,"9,826.00"
2026-03-02,391,2026030105014152,SAHAS,58,38,183,577.90,"105,755.70"
2026-03-02,392,2026030105014132,SAHAS,56,38,180,577.90,"104,022.00"
2026-03-02,393,2026030105014131,SAHAS,56,36,20,577.60,"11,552.00"
2026-03-02,394,2026030105014265,SAHAS,65,49,19,578.20,"10,985.80"
2026-03-02,395,2026030105014200,SAHAS,65,21,200,578.00,"115,600.00"
2026-03-02,396,2026030105014199,SAHAS,65,74,10,578.00,"5,780.00"
2026-03-02,397,2026030105014198,SAHAS,65,58,548,578.00,"316,744.00"
2026-03-02,398,2026030105014197,SAHAS,65,57,516,578.00,"298,248.00"
2026-03-02,399,2026030105014158,SAHAS,50,57,310,578.00,"179,180.00"
2026-03-02,400,2026030105014370,SANVI,77,58,10,810.00,"8,100.00"
2026-03-02,401,2026030105014360,SANVI,58,22,20,806.00,"16,120.00"
2026-03-02,402,2026030105014277,SANVI,45,62,10,812.00,"8,120.00"
2026-03-02,403,2026030105014262,SANVI,58,22,25,806.00,"20,150.00"
2026-03-02,404,2026030105014261,SANVI,58,22,50,807.00,"40,350.00"
2026-03-02,405,2026030105014260,SANVI,49,22,105,807.00,"84,735.00"
2026-03-02,406,2026030105014035,SANVI,45,62,10,812.00,"8,120.00"
2026-03-02,407,2026030105014259,SANVI,39,22,80,807.20,"64,576.00"
2026-03-02,408,2026030105014250,SANVI,58,62,310,812.00,"251,720.00"
2026-03-02,409,2026030105014191,SANVI,59,62,10,812.00,"8,120.00"
2026-03-02,410,2026030105014182,SANVI,39,5,10,807.20,"8,072.00"
2026-03-02,411,2026030105014173,SANVI,45,62,10,812.00,"8,120.00"
2026-03-02,412,2026030105014066,SANVI,58,37,50,807.00,"40,350.00"
2026-03-02,413,2026030105014371,SHIVM,33,11,200,622.50,"124,500.00"
2026-03-02,414,2026030105014324,SHIVM,1,36,200,623.00,"124,600.00"
2026-03-02,415,2026030105014291,SHIVM,33,62,225,622.50,"140,062.50"
2026-03-02,416,2026030105014256,SHIVM,56,36,200,623.00,"124,600.00"
2026-03-02,417,2026030105014218,SHIVM,43,39,475,622.00,"295,450.00"
2026-03-02,418,2026030105014217,SHIVM,48,39,10,622.10,"6,221.00"
2026-03-02,419,2026030105013997,SHIVM,25,11,80,623.20,"49,856.00"
2026-03-02,420,2026030105014166,SHIVM,58,49,80,623.50,"49,880.00"
2026-03-02,421,2026030105014165,SHIVM,58,54,160,623.50,"99,760.00"
2026-03-02,422,2026030105014164,SHIVM,58,45,371,623.50,"231,318.50"
2026-03-02,423,2026030105014163,SHIVM,58,50,15,623.20,"9,348.00"
2026-03-02,424,2026030105014162,SHIVM,58,11,85,623.20,"52,972.00"
2026-03-02,425,2026030105014036,SHIVM,57,49,500,623.00,"311,500.00"
2026-03-02,426,2026030105014384,SIKLES,46,39,10,608.00,"6,080.00"
2026-03-02,427,2026030105014368,SMATA,58,14,16,790.10,"12,641.60"
2026-03-02,428,2026030105014338,SMATA,62,58,50,794.00,"39,700.00"
2026-03-02,429,2026030105014337,SMATA,62,58,10,793.90,"7,939.00"
2026-03-02,430,2026030105014336,SMATA,62,82,120,793.90,"95,268.00"
2026-03-02,431,2026030105014335,SMATA,62,62,20,791.00,"15,820.00"
2026-03-02,432,2026030105014361,SMH,58,41,100,626.00,"62,600.00"
2026-03-02,433,2026030105013985,SMH,36,46,23,626.00,"14,398.00"
2026-03-02,434,2026030105013984,SMH,36,46,15,626.00,"9,390.00"
2026-03-02,435,2026030105014369,SMHL,44,49,100,461.00,"46,100.00"
2026-03-02,436,2026030105014215,SMHL,44,22,20,461.00,"9,220.00"
2026-03-02,437,2026030105014214,SMHL,44,32,10,461.00,"4,610.00"
2026-03-02,438,2026030105014213,SMHL,44,42,246,460.00,"113,160.00"
2026-03-02,439,2026030105014212,SMHL,44,95,441,459.20,"202,507.20"
2026-03-02,440,2026030105014194,SMHL,35,53,92,459.00,"42,228.00"
2026-03-02,441,2026030105014021,SMHL,44,42,201,460.00,"92,460.00"
2026-03-02,442,2026030105014193,SMHL,35,53,60,459.00,"27,540.00"
2026-03-02,443,2026030105014192,SMHL,41,53,200,459.10,"91,820.00"
2026-03-02,444,2026030105014190,SMHL,51,95,359,459.20,"164,852.80"
2026-03-02,445,2026030105014170,SMHL,42,42,30,460.00,"13,800.00"
2026-03-02,446,2026030105014123,SMHL,58,49,100,459.30,"45,930.00"
2026-03-02,447,2026030105014022,SMHL,83,42,100,460.00,"46,000.00"
2026-03-02,448,2026030105014329,SMJC,38,52,35,468.00,"16,380.00"
2026-03-02,449,2026030105014479,SONA,58,38,20,431.00,"8,620.00"
2026-03-02,450,2026030105014463,SONA,1,38,40,432.00,"17,280.00"
2026-03-02,451,2026030105014462,SONA,6,38,120,432.00,"51,840.00"
2026-03-02,452,2026030105014383,SONA,6,49,80,432.00,"34,560.00"
2026-03-02,453,2026030105014319,SONA,6,90,100,432.00,"43,200.00"
2026-03-02,454,2026030105014253,SONA,38,19,100,430.00,"43,000.00"
2026-03-02,455,2026030105014288,SPC,6,34,280,490.00,"137,200.00"
2026-03-02,456,2026030105014263,SPC,6,40,220,490.00,"107,800.00"
2026-03-02,457,2026030105014001,SPC,86,17,11,491.00,"5,401.00"
2026-03-02,458,2026030105014000,SPC,86,80,189,490.90,"92,780.10"
2026-03-02,459,2026030105014078,SPHL,48,44,975,540.00,"526,500.00"
2026-03-02,460,2026030105014039,STC,66,6,10,"6,070.00","60,700.00"
2026-03-02,461,2026030105014148,TAMOR,22,52,10,416.70,"4,167.00"
2026-03-02,462,2026030105014464,TPC,48,25,10,385.00,"3,850.00"
2026-03-02,463,2026030105014380,TPC,1,25,10,385.00,"3,850.00"
2026-03-02,464,2026030105014273,TPC,45,98,560,384.10,"215,096.00"
2026-03-02,465,2026030105014149,TPC,49,98,10,385.90,"3,859.00"
2026-03-02,466,2026030105013990,TPC,14,50,200,384.00,"76,800.00"
2026-03-02,467,2026030105014189,TSHL,51,6,32,742.00,"23,744.00"
2026-03-02,468,2026030105014440,TVCL,58,13,10,639.00,"6,390.00"
2026-03-02,469,2026030105014362,TVCL,32,13,10,639.00,"6,390.00"
2026-03-02,470,2026030105014223,TVCL,45,34,316,632.20,"199,775.20"
2026-03-02,471,2026030105014222,TVCL,16,34,16,633.30,"10,132.80"
2026-03-02,472,2026030105014221,TVCL,81,34,38,635.00,"24,130.00"
2026-03-02,473,2026030105014220,TVCL,68,34,130,635.20,"82,576.00"
2026-03-02,474,2026030105014216,TVCL,68,46,70,635.20,"44,464.00"
2026-03-02,475,2026030105014034,TVCL,81,34,462,635.00,"293,370.00"
2026-03-02,476,2026030105014033,TVCL,101,34,538,635.10,"341,683.80"
2026-03-02,477,2026030105014480,UHEWA,64,44,10,561.50,"5,615.00"
2026-03-02,478,2026030105014249,UHEWA,43,38,62,557.70,"34,577.40"
2026-03-02,479,2026030105014140,UHEWA,43,35,10,557.70,"5,577.00"
2026-03-02,480,2026030105014043,UHEWA,43,34,250,557.70,"139,425.00"
2026-03-02,481,2026030105014482,ULHC,7,59,10,551.90,"5,519.00"
2026-03-02,482,2026030105014271,ULHC,57,59,14,551.90,"7,726.60"
2026-03-02,483,2026030105014300,USHEC,17,33,500,476.00,"238,000.00"
2026-03-02,484,2026030105014174,USHEC,25,26,96,475.20,"45,619.20"
2026-03-02,485,2026030105014478,USHL,41,42,40,703.00,"28,120.00"
2026-03-02,486,2026030105014477,USHL,43,42,20,703.00,"14,060.00"
2026-03-02,487,2026030105014476,USHL,60,42,10,703.70,"7,037.00"
2026-03-02,488,2026030105014475,USHL,59,42,30,703.80,"21,114.00"
2026-03-02,489,2026030105014474,USHL,1,42,150,704.00,"105,600.00"
2026-03-02,490,2026030105014473,USHL,6,42,100,704.00,"70,400.00"
2026-03-02,491,2026030105014466,USHL,42,42,40,706.10,"28,244.00"
2026-03-02,492,2026030105014465,USHL,56,33,10,710.00,"7,100.00"
2026-03-02,493,2026030105014472,USHL,32,42,20,705.00,"14,100.00"
2026-03-02,494,2026030105014471,USHL,6,42,100,705.00,"70,500.00"
2026-03-02,495,2026030105014470,USHL,29,42,15,705.00,"10,575.00"
2026-03-02,496,2026030105014469,USHL,34,42,20,705.80,"14,116.00"
2026-03-02,497,2026030105014468,USHL,17,42,500,706.00,"353,000.00"
2026-03-02,498,2026030105014467,USHL,49,42,30,706.00,"21,180.00"
2026-03-02,499,2026030105014315,VLUCL,38,89,200,566.10,"113,220.00"
2026-03-02,500,2026030105014007,VLUCL,38,3,200,565.00,"113,000.00"
2026-03-02,501,2026030105013927,AHL,58,17,190,498.00,"94,620.00"
2026-03-02,502,2026030105013926,AHL,55,17,10,499.70,"4,997.00"
2026-03-02,503,2026030105013819,AHL,55,62,50,499.70,"24,985.00"
2026-03-02,504,2026030105013568,AHL,49,62,100,499.70,"49,970.00"
2026-03-02,505,2026030105013514,AHL,58,45,10,498.00,"4,980.00"
2026-03-02,506,2026030105013705,BBC,7,6,10,"4,638.00","46,380.00"
2026-03-02,507,2026030105013804,BEDC,57,42,15,513.10,"7,696.50"
2026-03-02,508,2026030105013971,BHDC,45,44,100,472.00,"47,200.00"
2026-03-02,509,2026030105013970,BHDC,26,44,100,472.10,"47,210.00"
2026-03-02,510,2026030105013898,BHL,22,49,45,199.50,"8,977.50"
2026-03-02,511,2026030105013653,BHL,44,41,"1,014",200.00,"202,800.00"
2026-03-02,512,2026030105013652,BHL,44,41,"1,000",200.00,"200,000.00"
2026-03-02,513,2026030105013651,BHL,44,42,10,200.00,"2,000.00"
2026-03-02,514,2026030105013650,BHL,44,57,"1,000",200.00,"200,000.00"
2026-03-02,515,2026030105013649,BHL,44,47,100,199.90,"19,990.00"
2026-03-02,516,2026030105013529,BHL,49,51,"4,300",198.10,"851,830.00"
2026-03-02,517,2026030105013528,BHL,26,51,500,198.10,"99,050.00"
2026-03-02,518,2026030105013527,BHL,38,51,200,198.20,"39,640.00"
2026-03-02,519,2026030105013505,BHL,22,57,40,199.00,"7,960.00"
2026-03-02,520,2026030105013504,BHL,22,13,40,199.00,"7,960.00"
2026-03-02,521,2026030105013494,BHL,49,13,500,199.00,"99,500.00"
2026-03-02,522,2026030105013630,BHL,44,8,50,199.00,"9,950.00"
2026-03-02,523,2026030105013629,BHL,44,57,"1,500",199.00,"298,500.00"
2026-03-02,524,2026030105013628,BHL,44,57,10,199.00,"1,990.00"
2026-03-02,525,2026030105013627,BHL,44,48,295,198.50,"58,557.50"
2026-03-02,526,2026030105013589,BHL,17,48,10,198.50,"1,985.00"
2026-03-02,527,2026030105013554,BHL,42,48,195,198.50,"38,707.50"
2026-03-02,528,2026030105013636,BHL,44,8,90,199.30,"17,937.00"
2026-03-02,529,2026030105013635,BHL,44,55,275,199.30,"54,807.50"
2026-03-02,530,2026030105013634,BHL,44,49,100,199.20,"19,920.00"
2026-03-02,531,2026030105013633,BHL,44,49,100,199.20,"19,920.00"
2026-03-02,532,2026030105013632,BHL,44,38,100,199.00,"19,900.00"
2026-03-02,533,2026030105013631,BHL,44,51,300,199.00,"59,700.00"
2026-03-02,534,2026030105013642,BHL,44,6,150,199.60,"29,940.00"
2026-03-02,535,2026030105013641,BHL,44,4,"1,500",199.50,"299,250.00"
2026-03-02,536,2026030105013640,BHL,44,7,500,199.50,"99,750.00"
2026-03-02,537,2026030105013639,BHL,44,40,500,199.40,"99,700.00"
2026-03-02,538,2026030105013638,BHL,44,22,300,199.40,"59,820.00"
2026-03-02,539,2026030105013637,BHL,44,6,150,199.40,"29,910.00"
2026-03-02,540,2026030105013648,BHL,44,55,300,199.90,"59,970.00"
2026-03-02,541,2026030105013647,BHL,44,6,100,199.90,"19,990.00"
2026-03-02,542,2026030105013646,BHL,44,45,20,199.80,"3,996.00"
2026-03-02,543,2026030105013645,BHL,44,3,"1,436",199.80,"286,912.80"
2026-03-02,544,2026030105013644,BHL,44,6,50,199.70,"9,985.00"
2026-03-02,545,2026030105013643,BHL,44,36,50,199.70,"9,985.00"
2026-03-02,546,2026030105013922,BHPL,34,51,10,555.00,"5,550.00"
2026-03-02,547,2026030105013921,BHPL,34,48,160,554.00,"88,640.00"
2026-03-02,548,2026030105013561,BHPL,74,51,174,555.00,"96,570.00"
2026-03-02,549,2026030105013560,BHPL,74,48,10,555.00,"5,550.00"
2026-03-02,550,2026030105013559,BHPL,74,42,10,555.00,"5,550.00"
2026-03-02,551,2026030105013558,BHPL,74,42,40,555.00,"22,200.00"
2026-03-02,552,2026030105013557,BHPL,74,84,66,554.90,"36,623.40"
2026-03-02,553,2026030105013968,CHDC,36,45,20,"2,519.00","50,380.00"
2026-03-02,554,2026030105013910,CHDC,36,32,50,"2,518.90","125,945.00"
2026-03-02,555,2026030105013892,CHDC,19,16,170,"2,518.00","428,060.00"
2026-03-02,556,2026030105013835,CHDC,19,5,10,"2,518.00","25,180.00"
2026-03-02,557,2026030105013829,CHDC,14,94,2,"2,500.00","5,000.00"
2026-03-02,558,2026030105013828,CHDC,19,32,50,"2,518.90","125,945.00"
2026-03-02,559,2026030105013496,CHDC,19,5,10,"2,517.00","25,170.00"
2026-03-02,560,2026030105013502,CHDC,19,45,10,"2,518.00","25,180.00"
2026-03-02,561,2026030105013501,CHDC,19,7,20,"2,518.00","50,360.00"
2026-03-02,562,2026030105013500,CHDC,19,5,10,"2,518.00","25,180.00"
2026-03-02,563,2026030105013499,CHDC,19,42,180,"2,518.00","453,240.00"
2026-03-02,564,2026030105013498,CHDC,19,16,20,"2,518.00","50,360.00"
2026-03-02,565,2026030105013497,CHDC,19,16,200,"2,517.90","503,580.00"
2026-03-02,566,2026030105013759,CHDC,19,47,20,"2,518.00","50,360.00"
2026-03-02,567,2026030105013670,CHDC,60,32,20,"2,518.90","50,378.00"
2026-03-02,568,2026030105013656,CHDC,47,16,108,"2,519.00","272,052.00"
2026-03-02,569,2026030105013655,CHDC,47,58,12,"2,519.00","30,228.00"
2026-03-02,570,2026030105013654,CHDC,47,94,50,"2,519.00","125,950.00"
2026-03-02,571,2026030105013551,CHDC,19,39,50,"2,518.00","125,900.00"
2026-03-02,572,2026030105013703,CIT,42,18,50,"1,780.00","89,000.00"
2026-03-02,573,2026030105013585,CIT,38,18,10,"1,780.00","17,800.00"
2026-03-02,574,2026030105013744,CKHL,92,33,"1,000",669.00,"669,000.00"
2026-03-02,575,2026030105013860,CLI,61,8,28,474.50,"13,286.00"
2026-03-02,576,2026030105013859,CLI,61,42,100,474.40,"47,440.00"
2026-03-02,577,2026030105013858,CLI,61,58,10,474.30,"4,743.00"
2026-03-02,578,2026030105013857,CLI,61,35,53,474.00,"25,122.00"
2026-03-02,579,2026030105013856,CLI,61,11,13,474.00,"6,162.00"
2026-03-02,580,2026030105013855,CLI,61,44,36,474.00,"17,064.00"
2026-03-02,581,2026030105013854,CLI,61,38,10,473.90,"4,739.00"
2026-03-02,582,2026030105013803,CLI,42,58,13,470.40,"6,115.20"
2026-03-02,583,2026030105013673,CLI,38,35,13,473.00,"6,149.00"
2026-03-02,584,2026030105013836,DOLTI,38,39,31,508.00,"15,748.00"
2026-03-02,585,2026030105013883,DORDI,42,35,150,273.60,"41,040.00"
2026-03-02,586,2026030105013844,DORDI,58,59,45,274.00,"12,330.00"
2026-03-02,587,2026030105013766,DORDI,42,81,300,273.60,"82,080.00"
2026-03-02,588,2026030105013718,DORDI,51,59,100,274.00,"27,400.00"
2026-03-02,589,2026030105013717,DORDI,51,59,10,274.00,"2,740.00"
2026-03-02,590,2026030105013716,DORDI,19,59,637,274.00,"174,538.00"
2026-03-02,591,2026030105013513,DORDI,19,81,200,274.00,"54,800.00"
2026-03-02,592,2026030105013713,EHPL,58,43,30,412.00,"12,360.00"
2026-03-02,593,2026030105013712,EHPL,58,49,100,412.00,"41,200.00"
2026-03-02,594,2026030105013711,EHPL,58,49,100,412.00,"41,200.00"
2026-03-02,595,2026030105013710,EHPL,58,67,50,412.00,"20,600.00"
2026-03-02,596,2026030105013588,EHPL,42,48,110,409.00,"44,990.00"
2026-03-02,597,2026030105013587,EHPL,14,48,10,409.80,"4,098.00"
2026-03-02,598,2026030105013586,EHPL,38,48,880,410.00,"360,800.00"
2026-03-02,599,2026030105013737,GCIL,49,8,1,413.00,413.00
2026-03-02,600,2026030105013885,GCIL,17,21,34,419.00,"14,246.00"
2026-03-02,601,2026030105013884,GCIL,17,42,11,419.00,"4,609.00"
2026-03-02,602,2026030105013762,GVL,43,66,170,485.20,"82,484.00"
2026-03-02,603,2026030105013761,GVL,32,66,30,485.20,"14,556.00"
2026-03-02,604,2026030105013538,GVL,6,55,100,486.00,"48,600.00"
2026-03-02,605,2026030105013537,GVL,21,55,200,486.00,"97,200.00"
2026-03-02,606,2026030105013979,HATHY,58,58,25,905.00,"22,625.00"
2026-03-02,607,2026030105013805,HATHY,22,58,10,905.10,"9,051.00"
2026-03-02,608,2026030105013764,HATHY,42,35,29,904.10,"26,218.90"
2026-03-02,609,2026030105013763,HATHY,41,35,20,905.00,"18,100.00"
2026-03-02,610,2026030105013542,HATHY,8,45,11,905.00,"9,955.00"
2026-03-02,611,2026030105013541,HATHY,26,45,64,905.00,"57,920.00"
2026-03-02,612,2026030105013506,HATHY,28,45,100,905.10,"90,510.00"
2026-03-02,613,2026030105013975,HDL,53,39,90,"1,144.50","103,005.00"
2026-03-02,614,2026030105013944,HDL,42,45,20,"1,145.00","22,900.00"
2026-03-02,615,2026030105013564,HDL,35,50,20,"1,145.00","22,900.00"
2026-03-02,616,2026030105013550,HDL,25,3,50,"1,144.50","57,225.00"
2026-03-02,617,2026030105013533,HDL,11,7,40,"1,144.50","45,780.00"
2026-03-02,618,2026030105013532,HDL,41,7,200,"1,144.50","228,900.00"
2026-03-02,619,2026030105013531,HDL,6,7,19,"1,144.50","21,745.50"
2026-03-02,620,2026030105013724,HDL,34,20,20,"1,145.00","22,900.00"
2026-03-02,621,2026030105013669,HDL,56,90,10,"1,145.00","11,450.00"
2026-03-02,622,2026030105013668,HDL,21,90,20,"1,145.00","22,900.00"
2026-03-02,623,2026030105013667,HDL,72,90,15,"1,145.00","17,175.00"
2026-03-02,624,2026030105013663,HDL,72,39,85,"1,145.00","97,325.00"
2026-03-02,625,2026030105013742,HDL,22,7,10,"1,144.50","11,445.00"
2026-03-02,626,2026030105013741,HDL,57,7,10,"1,144.50","11,445.00"
2026-03-02,627,2026030105013739,HDL,45,35,197,"1,145.00","225,565.00"
2026-03-02,628,2026030105013738,HDL,45,20,80,"1,145.00","91,600.00"
2026-03-02,629,2026030105013842,HDL,49,45,34,"1,145.00","38,930.00"
2026-03-02,630,2026030105013834,HDL,42,45,68,"1,145.00","77,860.00"
2026-03-02,631,2026030105013833,HDL,42,26,10,"1,145.00","11,450.00"
2026-03-02,632,2026030105013832,HDL,42,35,32,"1,145.00","36,640.00"
2026-03-02,633,2026030105013912,HDL,45,7,50,"1,144.30","57,215.00"
2026-03-02,634,2026030105013904,HDL,4,45,10,"1,145.00","11,450.00"
2026-03-02,635,2026030105013899,HDL,52,45,100,"1,145.00","114,500.00"
2026-03-02,636,2026030105013976,HHL,41,34,10,336.00,"3,360.00"
2026-03-02,637,2026030105013909,HHL,21,13,400,336.50,"134,600.00"
2026-03-02,638,2026030105013908,HHL,21,13,100,336.00,"33,600.00"
2026-03-02,639,2026030105013902,HHL,29,13,150,336.00,"50,400.00"
2026-03-02,640,2026030105013901,HHL,49,13,150,336.00,"50,400.00"
2026-03-02,641,2026030105013900,HHL,32,13,120,336.00,"40,320.00"
2026-03-02,642,2026030105013886,HHL,32,34,100,336.00,"33,600.00"
2026-03-02,643,2026030105013576,HHL,32,13,280,336.00,"94,080.00"
2026-03-02,644,2026030105013492,HHL,56,13,50,336.00,"16,800.00"
2026-03-02,645,2026030105013925,HIDCL,40,39,134,261.50,"35,041.00"
2026-03-02,646,2026030105013845,HIDCL,45,6,37,261.80,"9,686.60"
2026-03-02,647,2026030105013671,HIDCL,38,6,240,261.80,"62,832.00"
2026-03-02,648,2026030105013853,HRL,29,49,100,844.00,"84,400.00"
2026-03-02,649,2026030105013771,HRL,59,13,70,841.40,"58,898.00"
2026-03-02,650,2026030105013770,HRL,58,13,30,841.40,"25,242.00"
2026-03-02,651,2026030105013565,HRL,41,45,50,841.00,"42,050.00"
2026-03-02,652,2026030105013489,HRL,41,39,12,841.00,"10,092.00"
2026-03-02,653,2026030105013595,HRL,49,11,10,842.00,"8,420.00"
2026-03-02,654,2026030105013594,HRL,49,7,21,842.00,"17,682.00"
2026-03-02,655,2026030105013593,HRL,49,34,"1,014",842.00,"853,788.00"
2026-03-02,656,2026030105013592,HRL,49,34,390,841.50,"328,185.00"
2026-03-02,657,2026030105013591,HRL,49,49,10,841.50,"8,415.00"
2026-03-02,658,2026030105013590,HRL,49,88,250,841.30,"210,325.00"
2026-03-02,659,2026030105013601,HRL,49,75,100,842.00,"84,200.00"
2026-03-02,660,2026030105013600,HRL,49,50,10,842.00,"8,420.00"
2026-03-02,661,2026030105013599,HRL,49,44,21,842.00,"17,682.00"
2026-03-02,662,2026030105013598,HRL,49,22,10,842.00,"8,420.00"
2026-03-02,663,2026030105013597,HRL,49,14,10,842.00,"8,420.00"
2026-03-02,664,2026030105013596,HRL,49,35,10,842.00,"8,420.00"
2026-03-02,665,2026030105013607,HRL,49,19,21,843.00,"17,703.00"
2026-03-02,666,2026030105013606,HRL,49,58,10,843.00,"8,430.00"
2026-03-02,667,2026030105013605,HRL,49,1,100,843.00,"84,300.00"
2026-03-02,668,2026030105013604,HRL,49,1,10,842.80,"8,428.00"
2026-03-02,669,2026030105013603,HRL,49,59,10,842.10,"8,421.00"
2026-03-02,670,2026030105013602,HRL,49,84,10,842.00,"8,420.00"
2026-03-02,671,2026030105013613,HRL,49,34,"1,000",844.90,"844,900.00"
2026-03-02,672,2026030105013612,HRL,49,16,500,844.90,"422,450.00"
2026-03-02,673,2026030105013611,HRL,49,94,560,844.00,"472,640.00"
2026-03-02,674,2026030105013610,HRL,49,43,43,843.90,"36,287.70"
2026-03-02,675,2026030105013609,HRL,49,11,10,843.00,"8,430.00"
2026-03-02,676,2026030105013608,HRL,49,59,10,843.00,"8,430.00"
2026-03-02,677,2026030105013619,HRL,49,99,100,845.00,"84,500.00"
2026-03-02,678,2026030105013618,HRL,49,58,32,845.00,"27,040.00"
2026-03-02,679,2026030105013617,HRL,49,58,55,845.00,"46,475.00"
2026-03-02,680,2026030105013616,HRL,49,51,20,845.00,"16,900.00"
2026-03-02,681,2026030105013615,HRL,49,45,21,845.00,"17,745.00"
2026-03-02,682,2026030105013614,HRL,49,54,474,845.00,"400,530.00"
2026-03-02,683,2026030105013624,HRL,49,45,106,845.00,"89,570.00"
2026-03-02,684,2026030105013623,HRL,49,25,20,845.00,"16,900.00"
2026-03-02,685,2026030105013622,HRL,49,38,10,845.00,"8,450.00"
2026-03-02,686,2026030105013621,HRL,49,34,10,845.00,"8,450.00"
2026-03-02,687,2026030105013620,HRL,49,83,12,845.00,"10,140.00"
2026-03-02,688,2026030105013871,ILI,38,1,11,442.00,"4,862.00"
2026-03-02,689,2026030105013870,ILI,58,1,12,442.00,"5,304.00"
2026-03-02,690,2026030105013869,ILI,42,1,73,442.00,"32,266.00"
2026-03-02,691,2026030105013868,ILI,39,1,416,442.50,"184,080.00"
2026-03-02,692,2026030105013725,ILI,4,44,12,443.00,"5,316.00"
2026-03-02,693,2026030105013692,ILI,4,58,12,443.00,"5,316.00"
2026-03-02,694,2026030105013534,ILI,48,55,220,443.80,"97,636.00"
2026-03-02,695,2026030105013816,MANDU,11,36,105,805.00,"84,525.00"
2026-03-02,696,2026030105013515,MANDU,63,55,100,800.10,"80,010.00"
2026-03-02,697,2026030105013837,MBJC,38,82,500,289.00,"144,500.00"
2026-03-02,698,2026030105013578,MBJC,38,52,10,289.00,"2,890.00"
2026-03-02,699,2026030105013577,MBJC,38,57,390,289.00,"112,710.00"
2026-03-02,700,2026030105013539,MBJC,42,57,10,289.00,"2,890.00"
2026-03-02,701,2026030105013945,MEHL,57,22,50,436.00,"21,800.00"
2026-03-02,702,2026030105013851,MEHL,58,34,"1,000",435.00,"435,000.00"
2026-03-02,703,2026030105013672,MEHL,58,84,10,435.00,"4,350.00"
2026-03-02,704,2026030105013657,MEHL,58,32,200,435.00,"87,000.00"
2026-03-02,705,2026030105013574,MEHL,58,39,45,435.00,"19,575.00"
2026-03-02,706,2026030105013573,MEHL,58,62,44,435.00,"19,140.00"
2026-03-02,707,2026030105013483,MEHL,77,62,14,435.00,"6,090.00"
2026-03-02,708,2026030105013760,MEL,55,16,10,283.50,"2,835.00"
2026-03-02,709,2026030105013730,MEL,55,49,10,283.00,"2,830.00"
2026-03-02,710,2026030105013729,MEL,55,42,100,283.00,"28,300.00"
2026-03-02,711,2026030105013728,MEL,55,51,240,283.00,"67,920.00"
2026-03-02,712,2026030105013962,MHCL,44,22,30,339.00,"10,170.00"
2026-03-02,713,2026030105013903,MHCL,44,56,40,339.00,"13,560.00"
2026-03-02,714,2026030105013830,MHCL,38,38,19,338.50,"6,431.50"
2026-03-02,715,2026030105013790,MHCL,45,38,150,338.50,"50,775.00"
2026-03-02,716,2026030105013779,MHCL,52,53,50,338.40,"16,920.00"
2026-03-02,717,2026030105013719,MHCL,59,38,50,338.50,"16,925.00"
2026-03-02,718,2026030105013981,MHL,43,74,10,520.00,"5,200.00"
2026-03-02,719,2026030105013980,MHL,43,35,30,520.00,"15,600.00"
2026-03-02,720,2026030105013556,MHL,45,49,10,519.80,"5,198.00"
2026-03-02,721,2026030105013519,MHL,43,14,200,519.10,"103,820.00"
2026-03-02,722,2026030105013746,MKHC,44,13,263,319.20,"83,949.60"
2026-03-02,723,2026030105013745,MKHC,44,13,10,319.30,"3,193.00"
2026-03-02,724,2026030105013707,MKHC,44,92,180,319.30,"57,474.00"
2026-03-02,725,2026030105013706,MKHC,44,4,10,319.20,"3,192.00"
2026-03-02,726,2026030105013666,MKHC,28,92,10,319.30,"3,193.00"
2026-03-02,727,2026030105013547,MKHC,44,45,50,319.20,"15,960.00"
2026-03-02,728,2026030105013507,MKHC,17,92,100,319.30,"31,930.00"
2026-03-02,729,2026030105013582,MKHL,58,33,10,780.00,"7,800.00"
2026-03-02,730,2026030105013949,MKJC,48,1,25,528.70,"13,217.50"
2026-03-02,731,2026030105013948,MKJC,48,62,20,528.00,"10,560.00"
2026-03-02,732,2026030105013947,MKJC,48,45,415,527.00,"218,705.00"
2026-03-02,733,2026030105013946,MKJC,48,55,40,526.00,"21,040.00"
2026-03-02,734,2026030105013553,MKJC,8,49,10,525.00,"5,250.00"
2026-03-02,735,2026030105013907,MMKJL,42,57,56,564.90,"31,634.40"
2026-03-02,736,2026030105013906,MMKJL,42,57,222,564.80,"125,385.60"
2026-03-02,737,2026030105013905,MMKJL,42,57,222,564.70,"125,363.40"
2026-03-02,738,2026030105013781,MMKJL,21,57,49,564.60,"27,665.40"
2026-03-02,739,2026030105013767,MMKJL,42,57,200,564.60,"112,920.00"
2026-03-02,740,2026030105013720,MMKJL,42,49,500,564.50,"282,250.00"
2026-03-02,741,2026030105013708,MMKJL,48,57,100,564.60,"56,460.00"
2026-03-02,742,2026030105013688,MMKJL,96,35,10,564.50,"5,645.00"
2026-03-02,743,2026030105013580,MMKJL,35,57,50,564.60,"28,230.00"
2026-03-02,744,2026030105013530,MMKJL,43,57,100,564.60,"56,460.00"
2026-03-02,745,2026030105013493,MMKJL,62,57,500,564.60,"282,300.00"
2026-03-02,746,2026030105013626,NBF2,32,17,"7,600",9.53,"72,428.00"
2026-03-02,747,2026030105013625,NBF2,58,17,"2,200",9.53,"20,966.00"
2026-03-02,748,2026030105013974,NIFRA,58,35,456,261.60,"119,289.60"
2026-03-02,749,2026030105013961,NIFRA,21,35,30,261.60,"7,848.00"
2026-03-02,750,2026030105013882,NIFRA,74,8,54,261.50,"14,121.00"
2026-03-02,751,2026030105013866,NIFRA,74,45,800,261.50,"209,200.00"
2026-03-02,752,2026030105013765,NIFRA,74,68,50,261.50,"13,075.00"
2026-03-02,753,2026030105013749,NIFRA,74,38,319,261.50,"83,418.50"
2026-03-02,754,2026030105013748,NIFRA,74,29,24,261.50,"6,276.00"
2026-03-02,755,2026030105013943,NRIC,49,44,800,"1,222.00","977,600.00"
2026-03-02,756,2026030105013942,NRIC,71,44,35,"1,224.00","42,840.00"
2026-03-02,757,2026030105013941,NRIC,22,44,165,"1,225.00","202,125.00"
2026-03-02,758,2026030105013873,NRIC,22,48,20,"1,224.00","24,480.00"
2026-03-02,759,2026030105013872,NRIC,22,38,15,"1,223.00","18,345.00"
2026-03-02,760,2026030105013831,NRIC,35,76,16,"1,222.00","19,552.00"
2026-03-02,761,2026030105013743,NRIC,35,33,200,"1,222.00","244,400.00"
2026-03-02,762,2026030105013978,NRM,6,75,150,420.00,"63,000.00"
2026-03-02,763,2026030105013940,NRM,42,75,390,420.00,"163,800.00"
2026-03-02,764,2026030105013939,NRM,42,58,10,420.00,"4,200.00"
2026-03-02,765,2026030105013674,NRM,58,48,70,419.00,"29,330.00"
2026-03-02,766,2026030105013545,NRM,22,48,100,419.00,"41,900.00"
2026-03-02,767,2026030105013919,NRN,36,33,383,"1,480.50","567,031.50"
2026-03-02,768,2026030105013918,NRN,5,33,100,"1,481.00","148,100.00"
2026-03-02,769,2026030105013917,NRN,6,33,100,"1,481.10","148,110.00"
2026-03-02,770,2026030105013916,NRN,50,33,100,"1,481.30","148,130.00"
2026-03-02,771,2026030105013485,NRN,97,16,100,"1,489.80","148,980.00"
2026-03-02,772,2026030105013736,NRN,97,48,74,"1,489.50","110,223.00"
2026-03-02,773,2026030105013768,NRN,58,58,1,"1,460.10","1,460.10"
2026-03-02,774,2026030105013915,NRN,44,33,467,"1,481.50","691,860.50"
2026-03-02,775,2026030105013914,NRN,49,33,50,"1,481.60","74,080.00"
2026-03-02,776,2026030105013913,NRN,39,33,100,"1,482.00","148,200.00"
2026-03-02,777,2026030105013583,NSIF2,55,58,100,10.62,"1,062.00"
2026-03-02,778,2026030105013567,NYADI,80,57,65,394.20,"25,623.00"
2026-03-02,779,2026030105013960,PHCL,13,84,13,287.00,"3,731.00"
2026-03-02,780,2026030105013959,PHCL,13,37,337,287.00,"96,719.00"
2026-03-02,781,2026030105013938,PHCL,17,37,100,287.00,"28,700.00"
2026-03-02,782,2026030105013865,PHCL,28,47,500,286.60,"143,300.00"
2026-03-02,783,2026030105013773,PHCL,45,37,163,287.00,"46,781.00"
2026-03-02,784,2026030105013772,PHCL,45,57,187,287.00,"53,669.00"
2026-03-02,785,2026030105013693,PHCL,33,45,200,286.50,"57,300.00"
2026-03-02,786,2026030105013516,PHCL,49,36,295,286.30,"84,458.50"
2026-03-02,787,2026030105013887,PPL,48,43,100,381.10,"38,110.00"
2026-03-02,788,2026030105013818,PPL,48,34,50,381.10,"19,055.00"
2026-03-02,789,2026030105013727,PPL,39,36,130,381.90,"49,647.00"
2026-03-02,790,2026030105013552,PPL,60,36,60,381.90,"22,914.00"
2026-03-02,791,2026030105013526,PPL,14,21,200,381.00,"76,200.00"
2026-03-02,792,2026030105013956,RFPL,35,58,270,390.50,"105,435.00"
2026-03-02,793,2026030105013955,RFPL,14,58,730,390.90,"285,357.00"
2026-03-02,794,2026030105013841,RFPL,58,58,50,391.00,"19,550.00"
2026-03-02,795,2026030105013827,RFPL,57,58,21,391.00,"8,211.00"
2026-03-02,796,2026030105013826,RFPL,57,37,500,391.00,"195,500.00"
2026-03-02,797,2026030105013825,RFPL,57,41,50,391.00,"19,550.00"
2026-03-02,798,2026030105013525,RFPL,14,65,50,390.90,"19,545.00"
2026-03-02,799,2026030105013524,RFPL,14,65,150,390.90,"58,635.00"
2026-03-02,800,2026030105013523,RFPL,14,45,50,390.90,"19,545.00"
2026-03-02,801,2026030105013824,RFPL,57,58,10,391.00,"3,910.00"
2026-03-02,802,2026030105013823,RFPL,57,49,200,391.00,"78,200.00"
2026-03-02,803,2026030105013822,RFPL,57,52,219,391.00,"85,629.00"
2026-03-02,804,2026030105013735,RFPL,51,52,11,391.00,"4,301.00"
2026-03-02,805,2026030105013581,RFPL,58,52,40,391.00,"15,640.00"
2026-03-02,806,2026030105013570,RFPL,14,34,20,390.90,"7,818.00"
2026-03-02,807,2026030105013969,RHGCL,52,19,273,273.00,"74,529.00"
2026-03-02,808,2026030105013752,RHGCL,58,34,170,274.00,"46,580.00"
2026-03-02,809,2026030105013751,RHGCL,58,50,20,274.00,"5,480.00"
2026-03-02,810,2026030105013750,RHGCL,58,65,10,274.00,"2,740.00"
2026-03-02,811,2026030105013977,RNLI,41,66,114,471.90,"53,796.60"
2026-03-02,812,2026030105013911,RNLI,11,42,8,468.00,"3,744.00"
2026-03-02,813,2026030105013897,RNLI,42,66,71,471.90,"33,504.90"
2026-03-02,814,2026030105013849,RNLI,41,58,12,471.00,"5,652.00"
2026-03-02,815,2026030105013753,RNLI,41,49,12,471.00,"5,652.00"
2026-03-02,816,2026030105013726,RNLI,41,36,70,471.00,"32,970.00"
2026-03-02,817,2026030105013662,RNLI,42,58,10,471.00,"4,710.00"
2026-03-02,818,2026030105013661,RNLI,42,33,12,471.00,"5,652.00"
2026-03-02,819,2026030105013660,RNLI,42,41,12,471.00,"5,652.00"
2026-03-02,820,2026030105013659,RNLI,42,22,153,471.00,"72,063.00"
2026-03-02,821,2026030105013982,SAHAS,38,57,50,578.00,"28,900.00"
2026-03-02,822,2026030105013920,SAHAS,38,57,200,578.00,"115,600.00"
2026-03-02,823,2026030105013889,SAHAS,6,57,300,578.00,"173,400.00"
2026-03-02,824,2026030105013888,SAHAS,6,38,200,577.50,"115,500.00"
2026-03-02,825,2026030105013864,SAHAS,69,57,340,578.00,"196,520.00"
2026-03-02,826,2026030105013863,SAHAS,69,7,160,577.90,"92,464.00"
2026-03-02,827,2026030105013675,SAHAS,49,36,10,577.50,"5,775.00"
2026-03-02,828,2026030105013575,SAHAS,34,36,20,577.50,"11,550.00"
2026-03-02,829,2026030105013546,SAHAS,42,25,500,577.20,"288,600.00"
2026-03-02,830,2026030105013540,SAHAS,41,57,3,577.00,"1,731.00"
2026-03-02,831,2026030105013776,SAHAS,42,42,500,577.50,"288,750.00"
2026-03-02,832,2026030105013775,SAHAS,42,42,19,577.50,"10,972.50"
2026-03-02,833,2026030105013774,SAHAS,49,42,100,577.60,"57,760.00"
2026-03-02,834,2026030105013769,SAHAS,19,7,100,577.90,"57,790.00"
2026-03-02,835,2026030105013715,SAHAS,42,36,81,577.50,"46,777.50"
2026-03-02,836,2026030105013690,SAHAS,42,36,10,577.50,"5,775.00"
2026-03-02,837,2026030105013850,SAHAS,83,55,"1,187",577.30,"685,255.10"
2026-03-02,838,2026030105013843,SAHAS,83,11,14,577.30,"8,082.20"
2026-03-02,839,2026030105013821,SAHAS,83,34,136,577.30,"78,512.80"
2026-03-02,840,2026030105013820,SAHAS,22,34,464,577.30,"267,867.20"
2026-03-02,841,2026030105013778,SAHAS,22,42,36,577.30,"20,782.80"
2026-03-02,842,2026030105013777,SAHAS,22,42,20,577.40,"11,548.00"
2026-03-02,843,2026030105013967,SANVI,58,42,15,807.00,"12,105.00"
2026-03-02,844,2026030105013952,SANVI,45,35,10,811.00,"8,110.00"
2026-03-02,845,2026030105013951,SANVI,45,7,10,810.00,"8,100.00"
2026-03-02,846,2026030105013950,SANVI,45,84,10,808.00,"8,080.00"
2026-03-02,847,2026030105013852,SANVI,16,58,50,807.00,"40,350.00"
2026-03-02,848,2026030105013847,SANVI,39,44,10,805.10,"8,051.00"
2026-03-02,849,2026030105013846,SANVI,58,44,20,806.00,"16,120.00"
2026-03-02,850,2026030105013677,SANVI,62,58,20,807.00,"16,140.00"
2026-03-02,851,2026030105013584,SANVI,56,42,20,805.00,"16,100.00"
2026-03-02,852,2026030105013555,SANVI,44,58,25,807.00,"20,175.00"
2026-03-02,853,2026030105013890,SGHC,58,58,200,396.00,"79,200.00"
2026-03-02,854,2026030105013723,SGHC,62,58,405,396.00,"160,380.00"
2026-03-02,855,2026030105013722,SGHC,62,49,10,396.00,"3,960.00"
2026-03-02,856,2026030105013518,SGHC,62,62,150,395.00,"59,250.00"
2026-03-02,857,2026030105013972,SHIVM,25,47,50,623.20,"31,160.00"
2026-03-02,858,2026030105013954,SHIVM,1,45,30,623.50,"18,705.00"
2026-03-02,859,2026030105013896,SHIVM,25,39,20,623.20,"12,464.00"
2026-03-02,860,2026030105013840,SHIVM,25,50,50,623.20,"31,160.00"
2026-03-02,861,2026030105013839,SHIVM,62,50,50,623.40,"31,170.00"
2026-03-02,862,2026030105013815,SHIVM,43,28,362,622.00,"225,164.00"
2026-03-02,863,2026030105013536,SHIVM,34,3,100,623.00,"62,300.00"
2026-03-02,864,2026030105013522,SHIVM,34,45,383,623.00,"238,609.00"
2026-03-02,865,2026030105013521,SHIVM,35,45,17,623.00,"10,591.00"
2026-03-02,866,2026030105013520,SHIVM,35,45,100,623.00,"62,300.00"
2026-03-02,867,2026030105013517,SHIVM,42,101,35,623.30,"21,815.50"
2026-03-02,868,2026030105013678,SHIVM,39,56,100,623.40,"62,340.00"
2026-03-02,869,2026030105013569,SHIVM,58,101,140,623.30,"87,262.00"
2026-03-02,870,2026030105013549,SHIVM,71,22,51,623.00,"31,773.00"
2026-03-02,871,2026030105013548,SHIVM,52,22,49,623.00,"30,527.00"
2026-03-02,872,2026030105013544,SHIVM,52,49,201,623.00,"125,223.00"
2026-03-02,873,2026030105013543,SHIVM,34,49,157,623.00,"97,811.00"
2026-03-02,874,2026030105013721,SHIVM,42,39,60,623.40,"37,404.00"
2026-03-02,875,2026030105013714,SHIVM,42,81,12,623.40,"7,480.80"
2026-03-02,876,2026030105013691,SHIVM,42,41,30,623.40,"18,702.00"
2026-03-02,877,2026030105013689,SHIVM,42,34,300,623.40,"187,020.00"
2026-03-02,878,2026030105013684,SHIVM,58,44,10,623.30,"6,233.00"
2026-03-02,879,2026030105013679,SHIVM,39,34,200,623.40,"124,680.00"
2026-03-02,880,2026030105013808,SHIVM,71,28,749,623.00,"466,627.00"
2026-03-02,881,2026030105013807,SHIVM,58,28,75,623.30,"46,747.50"
2026-03-02,882,2026030105013806,SHIVM,42,28,38,623.40,"23,689.20"
2026-03-02,883,2026030105013758,SHIVM,58,45,160,623.50,"99,760.00"
2026-03-02,884,2026030105013747,SHIVM,39,45,92,623.50,"57,362.00"
2026-03-02,885,2026030105013740,SHIVM,42,13,110,623.40,"68,574.00"
2026-03-02,886,2026030105013814,SHIVM,35,28,226,622.10,"140,594.60"
2026-03-02,887,2026030105013813,SHIVM,55,28,100,622.30,"62,230.00"
2026-03-02,888,2026030105013812,SHIVM,100,28,100,622.50,"62,250.00"
2026-03-02,889,2026030105013811,SHIVM,38,28,50,622.60,"31,130.00"
2026-03-02,890,2026030105013810,SHIVM,66,28,"3,000",622.60,"1,867,800.00"
2026-03-02,891,2026030105013809,SHIVM,38,28,300,622.70,"186,810.00"
2026-03-02,892,2026030105013953,SIKLES,28,57,57,606.00,"34,542.00"
2026-03-02,893,2026030105013891,SIKLES,28,14,10,606.00,"6,060.00"
2026-03-02,894,2026030105013687,SMATA,34,39,50,790.00,"39,500.00"
2026-03-02,895,2026030105013686,SMATA,34,52,25,790.00,"19,750.00"
2026-03-02,896,2026030105013685,SMATA,34,19,25,790.00,"19,750.00"
2026-03-02,897,2026030105013563,SMH,49,94,53,625.00,"33,125.00"
2026-03-02,898,2026030105013562,SMH,49,7,67,625.00,"41,875.00"
2026-03-02,899,2026030105013486,SMH,1,7,100,625.00,"62,500.00"
2026-03-02,900,2026030105013895,SMHL,44,34,500,460.00,"230,000.00"
2026-03-02,901,2026030105013894,SMHL,44,45,100,460.00,"46,000.00"
2026-03-02,902,2026030105013893,SMHL,44,6,199,460.00,"91,540.00"
2026-03-02,903,2026030105013838,SMHL,51,42,141,459.20,"64,747.20"
2026-03-02,904,2026030105013780,SMHL,11,6,500,460.00,"230,000.00"
2026-03-02,905,2026030105013704,SMHL,34,6,200,460.00,"92,000.00"
2026-03-02,906,2026030105013683,SMHL,43,6,601,460.00,"276,460.00"
2026-03-02,907,2026030105013682,SMHL,43,7,38,460.00,"17,480.00"
2026-03-02,908,2026030105013681,SMHL,43,58,10,460.00,"4,600.00"
2026-03-02,909,2026030105013680,SMHL,43,7,351,460.00,"161,460.00"
2026-03-02,910,2026030105013958,SMJC,58,52,162,468.00,"75,816.00"
2026-03-02,911,2026030105013957,SMJC,58,58,10,468.00,"4,680.00"
2026-03-02,912,2026030105013757,SMJC,58,18,56,467.90,"26,202.40"
2026-03-02,913,2026030105013756,SMJC,58,18,200,467.80,"93,560.00"
2026-03-02,914,2026030105013755,SMJC,58,64,152,467.50,"71,060.00"
2026-03-02,915,2026030105013754,SMJC,58,8,10,467.50,"4,675.00"
2026-03-02,916,2026030105013664,SMJC,25,74,300,467.00,"140,100.00"
2026-03-02,917,2026030105013503,SMJC,25,52,10,467.00,"4,670.00"
2026-03-02,918,2026030105013495,SMJC,25,10,30,467.00,"14,010.00"
2026-03-02,919,2026030105013879,SONA,16,35,180,434.00,"78,120.00"
2026-03-02,920,2026030105013878,SONA,16,58,10,434.00,"4,340.00"
2026-03-02,921,2026030105013877,SONA,16,39,130,433.00,"56,290.00"
2026-03-02,922,2026030105013876,SONA,16,52,10,432.90,"4,329.00"
2026-03-02,923,2026030105013875,SONA,16,59,150,432.90,"64,935.00"
2026-03-02,924,2026030105013874,SONA,16,6,20,432.50,"8,650.00"
2026-03-02,925,2026030105013796,SONA,62,58,10,431.40,"4,314.00"
2026-03-02,926,2026030105013795,SONA,62,58,10,431.20,"4,312.00"
2026-03-02,927,2026030105013794,SONA,62,34,50,431.00,"21,550.00"
2026-03-02,928,2026030105013793,SONA,62,52,200,431.00,"86,200.00"
2026-03-02,929,2026030105013792,SONA,62,47,70,431.00,"30,170.00"
2026-03-02,930,2026030105013791,SONA,62,49,20,430.90,"8,618.00"
2026-03-02,931,2026030105013802,SONA,62,59,50,432.90,"21,645.00"
2026-03-02,932,2026030105013801,SONA,62,58,10,432.50,"4,325.00"
2026-03-02,933,2026030105013800,SONA,62,49,10,432.00,"4,320.00"
2026-03-02,934,2026030105013799,SONA,62,14,110,432.00,"47,520.00"
2026-03-02,935,2026030105013798,SONA,62,50,50,431.50,"21,575.00"
2026-03-02,936,2026030105013797,SONA,62,54,10,431.40,"4,314.00"
2026-03-02,937,2026030105013579,SPC,52,39,50,487.50,"24,375.00"
2026-03-02,938,2026030105013566,SPC,86,51,10,491.00,"4,910.00"
2026-03-02,939,2026030105013490,SPC,88,51,205,487.50,"99,937.50"
2026-03-02,940,2026030105013484,SPC,29,51,50,487.50,"24,375.00"
2026-03-02,941,2026030105013923,SPHL,58,47,26,541.50,"14,079.00"
2026-03-02,942,2026030105013817,SPHL,42,47,100,541.50,"54,150.00"
2026-03-02,943,2026030105013665,STC,66,45,10,"6,050.00","60,500.00"
2026-03-02,944,2026030105013512,STC,42,22,48,"6,070.00","291,360.00"
2026-03-02,945,2026030105013511,STC,42,58,10,"6,070.00","60,700.00"
2026-03-02,946,2026030105013510,STC,42,38,20,"6,070.00","121,400.00"
2026-03-02,947,2026030105013509,STC,42,39,10,"6,069.00","60,690.00"
2026-03-02,948,2026030105013789,TAMOR,89,41,49,420.00,"20,580.00"
2026-03-02,949,2026030105013788,TAMOR,89,34,50,420.00,"21,000.00"
2026-03-02,950,2026030105013787,TAMOR,89,29,100,419.90,"41,990.00"
2026-03-02,951,2026030105013786,TAMOR,89,42,40,419.90,"16,796.00"
2026-03-02,952,2026030105013785,TAMOR,89,7,10,418.00,"4,180.00"
2026-03-02,953,2026030105013784,TAMOR,89,7,10,418.00,"4,180.00"
2026-03-02,954,2026030105013571,TAMOR,58,33,10,416.30,"4,163.00"
2026-03-02,955,2026030105013783,TAMOR,89,35,10,418.00,"4,180.00"
2026-03-02,956,2026030105013782,TAMOR,89,32,25,418.00,"10,450.00"
2026-03-02,957,2026030105013734,TAMOR,45,32,75,418.00,"31,350.00"
2026-03-02,958,2026030105013733,TAMOR,45,29,50,417.70,"20,885.00"
2026-03-02,959,2026030105013732,TAMOR,45,29,185,417.70,"77,274.50"
2026-03-02,960,2026030105013731,TAMOR,45,57,10,417.60,"4,176.00"
2026-03-02,961,2026030105013966,TPC,14,11,74,384.00,"28,416.00"
2026-03-02,962,2026030105013965,TPC,74,11,100,384.00,"38,400.00"
2026-03-02,963,2026030105013964,TPC,49,11,276,384.00,"105,984.00"
2026-03-02,964,2026030105013963,TPC,32,11,50,384.20,"19,210.00"
2026-03-02,965,2026030105013862,TPC,32,50,450,384.20,"172,890.00"
2026-03-02,966,2026030105013861,TPC,32,50,50,384.20,"19,210.00"
2026-03-02,967,2026030105013488,TPC,49,11,24,384.00,"9,216.00"
2026-03-02,968,2026030105013487,TPC,58,11,476,384.10,"182,831.60"
2026-03-02,969,2026030105013848,TSHL,34,42,10,741.00,"7,410.00"
2026-03-02,970,2026030105013973,TVCL,101,48,500,635.10,"317,550.00"
2026-03-02,971,2026030105013924,TVCL,101,84,"2,000",635.10,"1,270,200.00"
2026-03-02,972,2026030105013709,UHEWA,44,58,200,558.00,"111,600.00"
2026-03-02,973,2026030105013695,UHEWA,43,58,131,557.60,"73,045.60"
2026-03-02,974,2026030105013694,UHEWA,34,58,369,557.70,"205,791.30"
2026-03-02,975,2026030105013491,UHEWA,44,58,300,558.00,"167,400.00"
2026-03-02,976,2026030105013937,ULHC,14,64,50,548.00,"27,400.00"
2026-03-02,977,2026030105013936,ULHC,42,64,100,548.50,"54,850.00"
2026-03-02,978,2026030105013935,ULHC,56,64,100,548.50,"54,850.00"
2026-03-02,979,2026030105013934,ULHC,62,64,50,548.60,"27,430.00"
2026-03-02,980,2026030105013933,ULHC,55,64,10,549.00,"5,490.00"
2026-03-02,981,2026030105013932,ULHC,34,64,30,549.00,"16,470.00"
2026-03-02,982,2026030105013700,ULHC,14,50,100,550.00,"55,000.00"
2026-03-02,983,2026030105013699,ULHC,32,50,90,550.00,"49,500.00"
2026-03-02,984,2026030105013698,ULHC,26,50,200,550.10,"110,020.00"
2026-03-02,985,2026030105013697,ULHC,35,50,20,550.10,"11,002.00"
2026-03-02,986,2026030105013696,ULHC,48,50,50,550.20,"27,510.00"
2026-03-02,987,2026030105013508,ULHC,22,57,150,552.00,"82,800.00"
2026-03-02,988,2026030105013931,ULHC,32,64,20,550.00,"11,000.00"
2026-03-02,989,2026030105013930,ULHC,45,64,150,550.00,"82,500.00"
2026-03-02,990,2026030105013929,ULHC,42,64,90,550.00,"49,500.00"
2026-03-02,991,2026030105013928,ULHC,34,64,100,551.00,"55,100.00"
2026-03-02,992,2026030105013702,ULHC,42,50,110,550.00,"60,500.00"
2026-03-02,993,2026030105013701,ULHC,14,50,30,550.00,"16,500.00"
2026-03-02,994,2026030105013867,USHL,89,16,25,711.00,"17,775.00"
2026-03-02,995,2026030105013658,USHL,49,45,200,706.00,"141,200.00"
2026-03-02,996,2026030105013881,VLUCL,38,48,110,566.00,"62,260.00"
2026-03-02,997,2026030105013880,VLUCL,38,48,10,566.00,"5,660.00"
2026-03-02,998,2026030105013676,VLUCL,38,57,400,563.00,"225,200.00"
2026-03-02,999,2026030105013572,VLUCL,38,32,50,562.90,"28,145.00"
2026-03-02,1000,2026030105013535,VLUCL,38,58,74,562.00,"41,588.00"
2026-03-02,1001,2026030105013276,AHL,55,40,40,497.00,"19,880.00"
2026-03-02,1002,2026030105013250,AHL,58,40,60,497.00,"29,820.00"
2026-03-02,1003,2026030105013425,BEDC,36,41,10,513.00,"5,130.00"
2026-03-02,1004,2026030105013056,BEDC,36,56,25,513.00,"12,825.00"
2026-03-02,1005,2026030105013412,BHDC,80,39,285,473.00,"134,805.00"
2026-03-02,1006,2026030105013411,BHDC,42,39,500,473.00,"236,500.00"
2026-03-02,1007,2026030105013410,BHDC,58,39,115,473.00,"54,395.00"
2026-03-02,1008,2026030105013339,BHDC,58,1,88,473.00,"41,624.00"
2026-03-02,1009,2026030105013338,BHDC,58,1,50,473.10,"23,655.00"
2026-03-02,1010,2026030105013337,BHDC,58,1,154,473.10,"72,857.40"
2026-03-02,1011,2026030105013336,BHDC,41,1,130,473.20,"61,516.00"
2026-03-02,1012,2026030105013116,BHDC,58,39,90,473.10,"42,579.00"
2026-03-02,1013,2026030105013021,BHDC,58,39,256,473.10,"121,113.60"
2026-03-02,1014,2026030105013020,BHDC,58,39,44,473.10,"20,816.40"
2026-03-02,1015,2026030105013419,BHL,57,13,80,199.00,"15,920.00"
2026-03-02,1016,2026030105013354,BHL,36,13,20,199.00,"3,980.00"
2026-03-02,1017,2026030105013286,BHL,26,50,500,198.10,"99,050.00"
2026-03-02,1018,2026030105013285,BHL,56,50,200,198.20,"39,640.00"
2026-03-02,1019,2026030105013284,BHL,6,50,300,198.60,"59,580.00"
2026-03-02,1020,2026030105013272,BHL,59,13,300,199.00,"59,700.00"
2026-03-02,1021,2026030105013221,BHL,17,13,10,199.00,"1,990.00"
2026-03-02,1022,2026030105013159,BHL,42,13,100,199.00,"19,900.00"
2026-03-02,1023,2026030105013050,BHL,41,13,50,199.00,"9,950.00"
2026-03-02,1024,2026030105013027,BHL,58,38,58,198.60,"11,518.80"
2026-03-02,1025,2026030105013006,BHL,41,38,50,198.60,"9,930.00"
2026-03-02,1026,2026030105012983,BHL,40,38,100,198.60,"19,860.00"
2026-03-02,1027,2026030105013368,BNHC,22,48,10,340.00,"3,400.00"
2026-03-02,1028,2026030105013364,BNHC,39,21,200,340.00,"68,000.00"
2026-03-02,1029,2026030105013158,BNHC,39,58,99,339.60,"33,620.40"
2026-03-02,1030,2026030105013157,BNHC,39,47,100,339.50,"33,950.00"
2026-03-02,1031,2026030105013156,BNHC,39,22,11,338.00,"3,718.00"
2026-03-02,1032,2026030105013155,BNHC,39,17,80,338.00,"27,040.00"
2026-03-02,1033,2026030105013154,BNHC,39,38,100,338.00,"33,800.00"
2026-03-02,1034,2026030105013153,BNHC,39,34,30,338.00,"10,140.00"
2026-03-02,1035,2026030105013152,BNHC,39,18,380,338.00,"128,440.00"
2026-03-02,1036,2026030105013151,BNHC,39,82,200,337.00,"67,400.00"
2026-03-02,1037,2026030105013112,CHDC,19,16,80,"2,518.00","201,440.00"
2026-03-02,1038,2026030105013111,CHDC,19,5,10,"2,517.90","25,179.00"
2026-03-02,1039,2026030105013086,CHDC,19,16,80,"2,517.00","201,360.00"
2026-03-02,1040,2026030105013085,CHDC,19,5,10,"2,516.50","25,165.00"
2026-03-02,1041,2026030105013084,CHDC,19,101,10,"2,516.00","25,160.00"
2026-03-02,1042,2026030105013083,CHDC,19,5,10,"2,516.00","25,160.00"
2026-03-02,1043,2026030105013315,CIT,39,7,10,"1,775.60","17,756.00"
2026-03-02,1044,2026030105013314,CIT,58,7,20,"1,775.60","35,512.00"
2026-03-02,1045,2026030105013275,CIT,41,7,10,"1,776.00","17,760.00"
2026-03-02,1046,2026030105013271,CIT,55,21,6,"1,773.00","10,638.00"
2026-03-02,1047,2026030105013244,CIT,55,7,88,"1,776.10","156,296.80"
2026-03-02,1048,2026030105013165,CIT,42,7,10,"1,776.30","17,763.00"
2026-03-02,1049,2026030105013134,CIT,58,7,15,"1,778.00","26,670.00"
2026-03-02,1050,2026030105013109,CIT,58,7,10,"1,778.00","17,780.00"
2026-03-02,1051,2026030105013026,CIT,46,7,10,"1,776.20","17,762.00"
2026-03-02,1052,2026030105013008,CIT,55,45,4,"1,773.00","7,092.00"
2026-03-02,1053,2026030105013471,CKHL,92,58,10,667.20,"6,672.00"
2026-03-02,1054,2026030105013399,CKHL,92,33,450,670.10,"301,545.00"
2026-03-02,1055,2026030105013398,CKHL,22,33,10,670.20,"6,702.00"
2026-03-02,1056,2026030105013188,CKHL,59,4,10,673.00,"6,730.00"
2026-03-02,1057,2026030105013187,CKHL,59,14,10,673.00,"6,730.00"
2026-03-02,1058,2026030105013066,CKHL,92,49,50,670.10,"33,505.00"
2026-03-02,1059,2026030105013269,CLI,38,91,10,473.00,"4,730.00"
2026-03-02,1060,2026030105013042,CLI,6,44,464,474.00,"219,936.00"
2026-03-02,1061,2026030105013041,CLI,6,42,10,474.00,"4,740.00"
2026-03-02,1062,2026030105013040,CLI,6,33,13,474.00,"6,162.00"
2026-03-02,1063,2026030105013039,CLI,6,52,13,474.00,"6,162.00"
2026-03-02,1064,2026030105013038,CLI,6,42,150,474.00,"71,100.00"
2026-03-02,1065,2026030105013031,CLI,6,42,53,472.00,"25,016.00"
2026-03-02,1066,2026030105013030,CLI,6,39,13,471.00,"6,123.00"
2026-03-02,1067,2026030105013029,CLI,6,16,47,471.00,"22,137.00"
2026-03-02,1068,2026030105013037,CLI,6,34,10,474.00,"4,740.00"
2026-03-02,1069,2026030105013036,CLI,6,58,13,473.00,"6,149.00"
2026-03-02,1070,2026030105013035,CLI,6,52,63,473.00,"29,799.00"
2026-03-02,1071,2026030105013034,CLI,6,57,100,472.00,"47,200.00"
2026-03-02,1072,2026030105013033,CLI,6,47,13,472.00,"6,136.00"
2026-03-02,1073,2026030105013032,CLI,6,58,38,472.00,"17,936.00"
2026-03-02,1074,2026030105013302,DORDI,19,65,263,274.00,"72,062.00"
2026-03-02,1075,2026030105013301,DORDI,58,65,20,274.00,"5,480.00"
2026-03-02,1076,2026030105013300,DORDI,59,65,30,274.50,"8,235.00"
2026-03-02,1077,2026030105013299,DORDI,42,65,887,274.50,"243,481.50"
2026-03-02,1078,2026030105013247,DORDI,35,48,30,274.60,"8,238.00"
2026-03-02,1079,2026030105013177,DORDI,43,48,200,274.60,"54,920.00"
2026-03-02,1080,2026030105013058,DORDI,35,48,30,274.60,"8,238.00"
2026-03-02,1081,2026030105013057,DORDI,42,48,660,274.60,"181,236.00"
2026-03-02,1082,2026030105013028,DORDI,35,65,40,274.90,"10,996.00"
2026-03-02,1083,2026030105013457,EHPL,38,4,100,410.00,"41,000.00"
2026-03-02,1084,2026030105013236,EHPL,58,4,10,409.90,"4,099.00"
2026-03-02,1085,2026030105013102,EHPL,14,19,180,409.80,"73,764.00"
2026-03-02,1086,2026030105013097,EHPL,58,19,20,409.80,"8,196.00"
2026-03-02,1087,2026030105013095,EHPL,34,39,287,408.10,"117,124.70"
2026-03-02,1088,2026030105013094,EHPL,52,39,100,408.10,"40,810.00"
2026-03-02,1089,2026030105013093,EHPL,63,39,350,409.00,"143,150.00"
2026-03-02,1090,2026030105013426,GCIL,49,17,1,411.60,411.60
2026-03-02,1091,2026030105013396,GCIL,49,57,1,413.00,413.00
2026-03-02,1092,2026030105013070,GCIL,57,8,60,419.90,"25,194.00"
2026-03-02,1093,2026030105013335,GVL,21,39,200,486.00,"97,200.00"
2026-03-02,1094,2026030105013334,GVL,45,39,100,486.10,"48,610.00"
2026-03-02,1095,2026030105013239,GVL,35,45,10,487.00,"4,870.00"
2026-03-02,1096,2026030105013230,GVL,58,45,253,487.00,"123,211.00"
2026-03-02,1097,2026030105013160,GVL,51,45,100,487.00,"48,700.00"
2026-03-02,1098,2026030105013130,GVL,4,45,47,487.00,"22,889.00"
2026-03-02,1099,2026030105013129,GVL,55,45,10,487.00,"4,870.00"
2026-03-02,1100,2026030105013088,GVL,55,36,950,488.00,"463,600.00"
2026-03-02,1101,2026030105013482,HDL,22,7,45,"1,145.00","51,525.00"
2026-03-02,1102,2026030105013481,HDL,39,7,220,"1,145.00","251,900.00"
2026-03-02,1103,2026030105013455,HDL,39,66,30,"1,145.00","34,350.00"
2026-03-02,1104,2026030105012992,HDL,41,11,10,"1,144.50","11,445.00"
2026-03-02,1105,2026030105013170,HDL,41,39,40,"1,144.50","45,780.00"
2026-03-02,1106,2026030105013119,HDL,66,35,150,"1,145.50","171,825.00"
2026-03-02,1107,2026030105013245,HDL,62,39,50,"1,144.50","57,225.00"
2026-03-02,1108,2026030105013228,HDL,13,39,51,"1,144.50","58,369.50"
2026-03-02,1109,2026030105013185,HDL,56,39,10,"1,144.50","11,445.00"
2026-03-02,1110,2026030105013173,HDL,29,39,10,"1,144.50","11,445.00"
2026-03-02,1111,2026030105013172,HDL,42,39,50,"1,144.50","57,225.00"
2026-03-02,1112,2026030105013171,HDL,22,39,23,"1,144.50","26,323.50"
2026-03-02,1113,2026030105013449,HHL,58,45,50,335.50,"16,775.00"
2026-03-02,1114,2026030105013424,HHL,14,13,170,336.00,"57,120.00"
2026-03-02,1115,2026030105013423,HHL,14,28,10,336.00,"3,360.00"
2026-03-02,1116,2026030105013422,HHL,14,32,20,336.00,"6,720.00"
2026-03-02,1117,2026030105013150,HHL,49,32,20,336.00,"6,720.00"
2026-03-02,1118,2026030105013092,HHL,41,35,150,335.30,"50,295.00"
2026-03-02,1119,2026030105013025,HHL,13,32,930,336.00,"312,480.00"
2026-03-02,1120,2026030105013024,HHL,35,32,30,336.10,"10,083.00"
2026-03-02,1121,2026030105012990,HHL,22,39,87,336.10,"29,240.70"
2026-03-02,1122,2026030105013474,HIDCL,8,6,50,261.80,"13,090.00"
2026-03-02,1123,2026030105013266,HIDCL,19,6,324,261.80,"84,823.20"
2026-03-02,1124,2026030105013265,HIDCL,19,32,50,261.80,"13,090.00"
2026-03-02,1125,2026030105013264,HIDCL,19,38,200,261.70,"52,340.00"
2026-03-02,1126,2026030105013263,HIDCL,19,38,50,261.70,"13,085.00"
2026-03-02,1127,2026030105013262,HIDCL,19,43,20,261.70,"5,234.00"
2026-03-02,1128,2026030105012988,HIDCL,58,57,280,261.50,"73,220.00"
2026-03-02,1129,2026030105013261,HIDCL,19,38,71,261.50,"18,566.50"
2026-03-02,1130,2026030105013260,HIDCL,19,19,30,261.50,"7,845.00"
2026-03-02,1131,2026030105013232,HIDCL,52,7,31,261.20,"8,097.20"
2026-03-02,1132,2026030105013231,HIDCL,32,7,16,261.30,"4,180.80"
2026-03-02,1133,2026030105013007,HIDCL,49,19,35,261.50,"9,152.50"
2026-03-02,1134,2026030105012989,HIDCL,58,19,535,261.50,"139,902.50"
2026-03-02,1135,2026030105013476,HRL,42,14,40,840.20,"33,608.00"
2026-03-02,1136,2026030105013472,HRL,50,56,100,840.10,"84,010.00"
2026-03-02,1137,2026030105013456,HRL,19,22,10,840.20,"8,402.00"
2026-03-02,1138,2026030105013430,HRL,19,91,21,840.20,"17,644.20"
2026-03-02,1139,2026030105013421,HRL,88,4,46,841.00,"38,686.00"
2026-03-02,1140,2026030105013420,HRL,88,26,11,841.00,"9,251.00"
2026-03-02,1141,2026030105013001,HRL,5,88,37,840.50,"31,098.50"
2026-03-02,1142,2026030105013118,HRL,32,88,50,840.50,"42,025.00"
2026-03-02,1143,2026030105013110,HRL,44,11,1,835.00,835.00
2026-03-02,1144,2026030105013108,HRL,19,39,10,840.10,"8,401.00"
2026-03-02,1145,2026030105013203,HRL,6,14,10,841.00,"8,410.00"
2026-03-02,1146,2026030105013202,HRL,6,49,10,841.00,"8,410.00"
2026-03-02,1147,2026030105013201,HRL,6,95,652,840.90,"548,266.80"
2026-03-02,1148,2026030105013200,HRL,6,4,10,840.70,"8,407.00"
2026-03-02,1149,2026030105013199,HRL,34,88,48,840.50,"40,344.00"
2026-03-02,1150,2026030105013209,HRL,6,52,10,841.90,"8,419.00"
2026-03-02,1151,2026030105013208,HRL,6,36,119,841.50,"100,138.50"
2026-03-02,1152,2026030105013207,HRL,6,49,10,841.50,"8,415.00"
2026-03-02,1153,2026030105013206,HRL,6,39,32,841.00,"26,912.00"
2026-03-02,1154,2026030105013205,HRL,6,58,10,841.00,"8,410.00"
2026-03-02,1155,2026030105013204,HRL,6,35,65,841.00,"54,665.00"
2026-03-02,1156,2026030105013377,HRL,22,41,20,840.50,"16,810.00"
2026-03-02,1157,2026030105013238,HRL,42,45,48,840.50,"40,344.00"
2026-03-02,1158,2026030105013237,HRL,34,45,152,840.50,"127,756.00"
2026-03-02,1159,2026030105013210,HRL,6,34,72,842.00,"60,624.00"
2026-03-02,1160,2026030105013479,IHL,49,32,490,509.90,"249,851.00"
2026-03-02,1161,2026030105013073,IHL,87,81,20,507.00,"10,140.00"
2026-03-02,1162,2026030105013386,IHL,52,32,10,509.90,"5,099.00"
2026-03-02,1163,2026030105013076,IHL,20,81,"1,192",506.80,"604,105.60"
2026-03-02,1164,2026030105013075,IHL,91,81,100,506.90,"50,690.00"
2026-03-02,1165,2026030105013074,IHL,87,81,30,507.00,"15,210.00"
2026-03-02,1166,2026030105013401,ILI,48,44,280,443.00,"124,040.00"
2026-03-02,1167,2026030105013361,ILI,58,44,20,443.00,"8,860.00"
2026-03-02,1168,2026030105013273,ILI,42,59,12,442.00,"5,304.00"
2026-03-02,1169,2026030105013126,ILI,4,55,770,443.00,"341,110.00"
2026-03-02,1170,2026030105012996,ILI,58,54,10,443.90,"4,439.00"
2026-03-02,1171,2026030105013404,KDBY,32,17,500,9.91,"4,955.00"
2026-03-02,1172,2026030105013403,KDBY,22,17,"4,400",9.91,"43,604.00"
2026-03-02,1173,2026030105013374,MANDU,63,55,81,800.10,"64,808.10"
2026-03-02,1174,2026030105013373,MANDU,57,55,116,800.10,"92,811.60"
2026-03-02,1175,2026030105013372,MANDU,28,55,103,800.10,"82,410.30"
2026-03-02,1176,2026030105013371,MANDU,54,55,100,800.20,"80,020.00"
2026-03-02,1177,2026030105013370,MANDU,48,55,100,800.20,"80,020.00"
2026-03-02,1178,2026030105013397,MBJC,34,21,500,288.10,"144,050.00"
2026-03-02,1179,2026030105013349,MBJC,47,43,40,288.20,"11,528.00"
2026-03-02,1180,2026030105013222,MBJC,47,33,10,288.20,"2,882.00"
2026-03-02,1181,2026030105013249,MEHL,26,62,62,435.00,"26,970.00"
2026-03-02,1182,2026030105012986,MEHL,34,62,100,435.00,"43,500.00"
2026-03-02,1183,2026030105013061,MEL,55,40,100,282.10,"28,210.00"
2026-03-02,1184,2026030105013123,MEL,55,58,10,282.80,"2,828.00"
2026-03-02,1185,2026030105013079,MEL,55,1,90,282.10,"25,389.00"
2026-03-02,1186,2026030105013062,MEL,55,58,10,282.10,"2,821.00"
2026-03-02,1187,2026030105013124,MEL,55,51,10,283.00,"2,830.00"
2026-03-02,1188,2026030105013280,MEL,55,89,420,282.10,"118,482.00"
2026-03-02,1189,2026030105013248,MEL,38,51,50,283.00,"14,150.00"
2026-03-02,1190,2026030105013409,MHCL,52,65,50,338.40,"16,920.00"
2026-03-02,1191,2026030105013408,MHCL,11,65,50,338.50,"16,925.00"
2026-03-02,1192,2026030105013385,MHCL,52,48,30,338.40,"10,152.00"
2026-03-02,1193,2026030105013117,MHCL,40,65,10,338.30,"3,383.00"
2026-03-02,1194,2026030105013091,MHCL,40,28,107,338.30,"36,198.10"
2026-03-02,1195,2026030105013090,MHCL,21,28,395,338.40,"133,668.00"
2026-03-02,1196,2026030105013071,MHCL,21,58,10,338.40,"3,384.00"
2026-03-02,1197,2026030105012994,MHCL,21,58,295,338.40,"99,828.00"
2026-03-02,1198,2026030105013458,MHL,43,74,10,519.10,"5,191.00"
2026-03-02,1199,2026030105013436,MKHC,44,4,12,319.20,"3,830.40"
2026-03-02,1200,2026030105013435,MKHC,44,35,165,319.00,"52,635.00"
2026-03-02,1201,2026030105013418,MKHC,39,38,100,318.00,"31,800.00"
2026-03-02,1202,2026030105013417,MKHC,35,38,100,318.10,"31,810.00"
2026-03-02,1203,2026030105013051,MKHC,39,52,10,318.00,"3,180.00"
2026-03-02,1204,2026030105013428,MKJC,8,58,160,525.00,"84,000.00"
2026-03-02,1205,2026030105013427,MKJC,26,58,340,525.10,"178,534.00"
2026-03-02,1206,2026030105013127,MMF1,52,40,300,9.26,"2,778.00"
2026-03-02,1207,2026030105013309,MMKJL,21,49,500,564.00,"282,000.00"
2026-03-02,1208,2026030105013308,MMKJL,21,42,10,564.00,"5,640.00"
2026-03-02,1209,2026030105013278,MMKJL,7,38,100,562.80,"56,280.00"
2026-03-02,1210,2026030105013267,MMKJL,21,39,64,562.90,"36,025.60"
2026-03-02,1211,2026030105013184,MMKJL,58,39,12,562.90,"6,754.80"
2026-03-02,1212,2026030105013139,MMKJL,45,39,55,562.90,"30,959.50"
2026-03-02,1213,2026030105013069,MMKJL,58,39,125,562.60,"70,325.00"
2026-03-02,1214,2026030105013138,MMKJL,45,38,10,562.60,"5,626.00"
2026-03-02,1215,2026030105013137,MMKJL,45,39,545,562.60,"306,617.00"
2026-03-02,1216,2026030105013136,MMKJL,45,1,200,562.50,"112,500.00"
2026-03-02,1217,2026030105013135,MMKJL,45,52,190,562.50,"106,875.00"
2026-03-02,1218,2026030105013115,MMKJL,96,52,10,562.50,"5,625.00"
2026-03-02,1219,2026030105013077,MMKJL,25,39,100,562.60,"56,260.00"
2026-03-02,1220,2026030105013240,NIBSF2,34,34,800,9.22,"7,376.00"
2026-03-02,1221,2026030105013448,NIFRA,32,91,54,261.00,"14,094.00"
2026-03-02,1222,2026030105013447,NIFRA,32,49,64,261.00,"16,704.00"
2026-03-02,1223,2026030105013446,NIFRA,32,6,"1,000",261.00,"261,000.00"
2026-03-02,1224,2026030105013445,NIFRA,32,58,64,261.00,"16,704.00"
2026-03-02,1225,2026030105013444,NIFRA,32,32,54,261.00,"14,094.00"
2026-03-02,1226,2026030105013443,NIFRA,32,57,44,261.00,"11,484.00"
2026-03-02,1227,2026030105013147,NIFRA,34,36,30,260.40,"7,812.00"
2026-03-02,1228,2026030105012987,NIFRA,7,52,65,260.90,"16,958.50"
2026-03-02,1229,2026030105013356,NIFRA,57,25,10,260.50,"2,605.00"
2026-03-02,1230,2026030105013355,NIFRA,32,25,136,260.50,"35,428.00"
2026-03-02,1231,2026030105013346,NIFRA,32,66,10,260.50,"2,605.00"
2026-03-02,1232,2026030105013345,NIFRA,58,36,4,256.00,"1,024.00"
2026-03-02,1233,2026030105013270,NIFRA,34,58,20,260.40,"5,208.00"
2026-03-02,1234,2026030105013178,NIFRA,34,45,54,260.40,"14,061.60"
2026-03-02,1235,2026030105013376,NIFRA,58,45,408,260.40,"106,243.20"
2026-03-02,1236,2026030105013375,NIFRA,34,45,92,260.40,"23,956.80"
2026-03-02,1237,2026030105013367,NIFRA,32,52,"1,890",260.90,"493,101.00"
2026-03-02,1238,2026030105013366,NIFRA,32,38,10,260.80,"2,608.00"
2026-03-02,1239,2026030105013358,NIFRA,34,25,304,260.40,"79,161.60"
2026-03-02,1240,2026030105013357,NIFRA,34,25,50,260.50,"13,025.00"
2026-03-02,1241,2026030105013442,NIFRA,32,22,54,261.00,"14,094.00"
2026-03-02,1242,2026030105013441,NIFRA,32,34,100,261.00,"26,100.00"
2026-03-02,1243,2026030105013440,NIFRA,32,57,15,261.00,"3,915.00"
2026-03-02,1244,2026030105013439,NIFRA,32,49,100,260.90,"26,090.00"
2026-03-02,1245,2026030105013438,NIFRA,32,52,45,260.90,"11,740.50"
2026-03-02,1246,2026030105013437,NIFRA,32,42,50,260.50,"13,025.00"
2026-03-02,1247,2026030105013415,NRIC,35,21,241,"1,222.00","294,502.00"
2026-03-02,1248,2026030105013414,NRIC,56,21,100,"1,222.10","122,210.00"
2026-03-02,1249,2026030105013413,NRIC,42,21,65,"1,223.00","79,495.00"
2026-03-02,1250,2026030105013402,NRIC,42,29,10,"1,223.00","12,230.00"
2026-03-02,1251,2026030105013369,NRIC,42,57,25,"1,223.00","30,575.00"
2026-03-02,1252,2026030105013362,NRIC,29,57,30,"1,223.00","36,690.00"
2026-03-02,1253,2026030105013099,NRIC,38,76,25,"1,220.30","30,507.50"
2026-03-02,1254,2026030105013098,NRIC,56,76,100,"1,220.40","122,040.00"
2026-03-02,1255,2026030105013053,NRIC,3,21,50,"1,223.00","61,150.00"
2026-03-02,1256,2026030105013052,NRIC,32,21,34,"1,223.00","41,582.00"
2026-03-02,1257,2026030105013211,NRIC,35,41,53,"1,222.00","64,766.00"
2026-03-02,1258,2026030105013100,NRIC,52,76,275,"1,220.30","335,582.50"
2026-03-02,1259,2026030105013347,NRIC,35,29,390,"1,222.00","476,580.00"
2026-03-02,1260,2026030105013292,NRIC,58,57,45,"1,223.00","55,035.00"
2026-03-02,1261,2026030105013291,NRIC,58,38,20,"1,223.00","24,460.00"
2026-03-02,1262,2026030105013290,NRIC,58,7,15,"1,223.00","18,345.00"
2026-03-02,1263,2026030105013279,NRIC,35,14,100,"1,222.00","122,200.00"
2026-03-02,1264,2026030105013235,NRIC,16,7,10,"1,223.00","12,230.00"
2026-03-02,1265,2026030105013387,NRN,97,33,26,"1,489.50","38,727.00"
2026-03-02,1266,2026030105012993,NRN,42,66,42,"1,489.00","62,538.00"
2026-03-02,1267,2026030105013000,NRN,52,74,250,"1,482.10","370,525.00"
2026-03-02,1268,2026030105012999,NRN,51,74,50,"1,483.00","74,150.00"
2026-03-02,1269,2026030105012998,NRN,44,74,200,"1,484.00","296,800.00"
2026-03-02,1270,2026030105013400,NTC,58,49,10,857.50,"8,575.00"
2026-03-02,1271,2026030105013089,NTC,34,33,55,858.50,"47,217.50"
2026-03-02,1272,2026030105013064,NTC,11,6,50,859.00,"42,950.00"
2026-03-02,1273,2026030105013063,NTC,11,41,50,858.90,"42,945.00"
2026-03-02,1274,2026030105013217,NYADI,80,52,40,394.20,"15,768.00"
2026-03-02,1275,2026030105013065,NYADI,80,33,10,394.20,"3,942.00"
2026-03-02,1276,2026030105013473,PHCL,45,52,250,286.20,"71,550.00"
2026-03-02,1277,2026030105013389,PHCL,45,34,"1,000",286.20,"286,200.00"
2026-03-02,1278,2026030105013379,PHCL,35,57,13,287.00,"3,731.00"
2026-03-02,1279,2026030105013313,PHCL,45,33,200,286.20,"57,240.00"
2026-03-02,1280,2026030105013312,PHCL,57,33,40,286.30,"11,452.00"
2026-03-02,1281,2026030105013311,PHCL,33,33,760,286.60,"217,816.00"
2026-03-02,1282,2026030105013268,PHCL,33,95,250,286.60,"71,650.00"
2026-03-02,1283,2026030105013128,PHCL,21,49,465,286.60,"133,269.00"
2026-03-02,1284,2026030105013080,PHCL,57,49,200,286.60,"57,320.00"
2026-03-02,1285,2026030105013060,PHCL,45,49,45,286.60,"12,897.00"
2026-03-02,1286,2026030105013005,PHCL,57,49,290,286.60,"83,114.00"
2026-03-02,1287,2026030105013004,PHCL,57,45,10,286.60,"2,866.00"
2026-03-02,1288,2026030105013429,PPL,42,36,10,381.90,"3,819.00"
2026-03-02,1289,2026030105013289,PPL,60,36,245,381.90,"93,565.50"
2026-03-02,1290,2026030105013288,PPL,60,45,925,381.00,"352,425.00"
2026-03-02,1291,2026030105013287,PPL,60,33,330,380.90,"125,697.00"
2026-03-02,1292,2026030105013283,PPL,55,34,202,380.30,"76,820.60"
2026-03-02,1293,2026030105013282,PPL,77,34,198,380.30,"75,299.40"
2026-03-02,1294,2026030105013059,PPL,77,11,12,380.30,"4,563.60"
2026-03-02,1295,2026030105013281,PPL,49,34,100,380.40,"38,040.00"
2026-03-02,1296,2026030105013189,PPL,91,33,20,380.90,"7,618.00"
2026-03-02,1297,2026030105013180,PPL,34,45,75,381.00,"28,575.00"
2026-03-02,1298,2026030105013179,PPL,34,58,15,381.00,"5,715.00"
2026-03-02,1299,2026030105013140,PPL,34,55,310,380.40,"117,924.00"
2026-03-02,1300,2026030105013068,PPL,77,42,300,380.30,"114,090.00"
2026-03-02,1301,2026030105012991,RAWA,29,25,25,705.10,"17,627.50"
2026-03-02,1302,2026030105013142,RFPL,58,45,100,390.90,"39,090.00"
2026-03-02,1303,2026030105013096,RFPL,42,10,62,390.00,"24,180.00"
2026-03-02,1304,2026030105013055,RFPL,42,10,40,390.00,"15,600.00"
2026-03-02,1305,2026030105013054,RFPL,42,58,156,390.00,"60,840.00"
2026-03-02,1306,2026030105013009,RFPL,46,58,40,390.00,"15,600.00"
2026-03-02,1307,2026030105013470,RHGCL,52,22,50,273.00,"13,650.00"
2026-03-02,1308,2026030105013469,RHGCL,52,34,20,273.00,"5,460.00"
2026-03-02,1309,2026030105013468,RHGCL,52,6,500,273.00,"136,500.00"
2026-03-02,1310,2026030105013467,RHGCL,52,53,200,273.00,"54,600.00"
2026-03-02,1311,2026030105013466,RHGCL,52,57,100,273.00,"27,300.00"
2026-03-02,1312,2026030105013465,RHGCL,52,19,"1,000",272.90,"272,900.00"
2026-03-02,1313,2026030105013166,RHGCL,34,56,20,271.00,"5,420.00"
2026-03-02,1314,2026030105013433,RHGCL,26,4,930,271.90,"252,867.00"
2026-03-02,1315,2026030105013317,RHGCL,38,4,70,271.90,"19,033.00"
2026-03-02,1316,2026030105013316,RHGCL,38,35,130,271.00,"35,230.00"
2026-03-02,1317,2026030105013246,RHGCL,25,33,20,270.30,"5,406.00"
2026-03-02,1318,2026030105013168,RHGCL,34,35,60,271.00,"16,260.00"
2026-03-02,1319,2026030105013167,RHGCL,34,58,20,271.00,"5,420.00"
2026-03-02,1320,2026030105013464,RHGCL,52,81,400,272.00,"108,800.00"
2026-03-02,1321,2026030105013463,RHGCL,52,62,500,272.00,"136,000.00"
2026-03-02,1322,2026030105013462,RHGCL,52,53,200,272.00,"54,400.00"
2026-03-02,1323,2026030105013461,RHGCL,52,35,35,272.00,"9,520.00"
2026-03-02,1324,2026030105013460,RHGCL,52,62,720,272.00,"195,840.00"
2026-03-02,1325,2026030105013434,RHGCL,26,62,70,272.00,"19,040.00"
2026-03-02,1326,2026030105013348,RNLI,74,22,500,471.00,"235,500.00"
2026-03-02,1327,2026030105013143,RNLI,72,58,11,470.00,"5,170.00"
2026-03-02,1328,2026030105012985,RNLI,72,66,"2,275",471.90,"1,073,572.50"
2026-03-02,1329,2026030105012984,RNLI,72,59,75,471.90,"35,392.50"
2026-03-02,1330,2026030105013478,SAHAS,34,57,187,578.00,"108,086.00"
2026-03-02,1331,2026030105013477,SAHAS,34,44,13,577.50,"7,507.50"
2026-03-02,1332,2026030105013406,SAHAS,38,16,34,577.00,"19,618.00"
2026-03-02,1333,2026030105013383,SAHAS,38,72,"1,871",577.00,"1,079,567.00"
2026-03-02,1334,2026030105013382,SAHAS,57,72,100,577.00,"57,700.00"
2026-03-02,1335,2026030105013381,SAHAS,65,72,"1,000",577.10,"577,100.00"
2026-03-02,1336,2026030105013087,SAHAS,41,10,1,573.00,573.00
2026-03-02,1337,2026030105013022,SAHAS,41,56,3,575.00,"1,725.00"
2026-03-02,1338,2026030105013011,SAHAS,58,46,52,579.00,"30,108.00"
2026-03-02,1339,2026030105013186,SAHAS,65,11,350,578.50,"202,475.00"
2026-03-02,1340,2026030105013114,SAHAS,71,11,100,578.50,"57,850.00"
2026-03-02,1341,2026030105013113,SAHAS,87,11,63,578.70,"36,458.10"
2026-03-02,1342,2026030105013106,SAHAS,87,91,270,578.70,"156,249.00"
2026-03-02,1343,2026030105013105,SAHAS,58,91,75,578.80,"43,410.00"
2026-03-02,1344,2026030105013104,SAHAS,58,91,155,579.00,"89,745.00"
2026-03-02,1345,2026030105013255,SAHAS,57,48,850,578.00,"491,300.00"
2026-03-02,1346,2026030105013254,SAHAS,57,48,850,578.00,"491,300.00"
2026-03-02,1347,2026030105013253,SAHAS,16,48,235,578.00,"135,830.00"
2026-03-02,1348,2026030105013252,SAHAS,65,48,"2,000",578.10,"1,156,200.00"
2026-03-02,1349,2026030105013251,SAHAS,34,48,50,578.10,"28,905.00"
2026-03-02,1350,2026030105013229,SAHAS,65,25,150,578.50,"86,775.00"
2026-03-02,1351,2026030105013277,SAHAS,41,22,3,577.00,"1,731.00"
2026-03-02,1352,2026030105013274,SAHAS,50,25,100,578.50,"57,850.00"
2026-03-02,1353,2026030105013259,SAHAS,42,48,58,578.00,"33,524.00"
2026-03-02,1354,2026030105013258,SAHAS,6,48,10,578.00,"5,780.00"
2026-03-02,1355,2026030105013257,SAHAS,57,48,850,578.00,"491,300.00"
2026-03-02,1356,2026030105013256,SAHAS,54,48,100,578.00,"57,800.00"
2026-03-02,1357,2026030105013298,SAHAS,22,65,240,578.00,"138,720.00"
2026-03-02,1358,2026030105013297,SAHAS,32,65,250,578.00,"144,500.00"
2026-03-02,1359,2026030105013296,SAHAS,19,65,788,578.00,"455,464.00"
2026-03-02,1360,2026030105013295,SAHAS,42,65,452,578.00,"261,256.00"
2026-03-02,1361,2026030105013294,SAHAS,57,65,160,578.20,"92,512.00"
2026-03-02,1362,2026030105013293,SAHAS,29,65,400,578.20,"231,280.00"
2026-03-02,1363,2026030105013380,SAHAS,25,72,29,577.50,"16,747.50"
2026-03-02,1364,2026030105013365,SAHAS,21,57,500,578.00,"289,000.00"
2026-03-02,1365,2026030105013363,SAHAS,25,53,31,577.50,"17,902.50"
2026-03-02,1366,2026030105013305,SAHAS,58,57,20,578.00,"11,560.00"
2026-03-02,1367,2026030105013304,SAHAS,41,57,500,578.00,"289,000.00"
2026-03-02,1368,2026030105013303,SAHAS,22,57,60,578.00,"34,680.00"
2026-03-02,1369,2026030105013416,SANVI,58,58,20,807.00,"16,140.00"
2026-03-02,1370,2026030105013407,SANVI,56,35,10,805.00,"8,050.00"
2026-03-02,1371,2026030105013241,SANVI,22,58,55,807.00,"44,385.00"
2026-03-02,1372,2026030105013198,SANVI,33,33,950,803.00,"762,850.00"
2026-03-02,1373,2026030105013197,SANVI,25,33,35,803.00,"28,105.00"
2026-03-02,1374,2026030105013196,SANVI,36,33,100,803.00,"80,300.00"
2026-03-02,1375,2026030105013149,SANVI,51,14,10,805.10,"8,051.00"
2026-03-02,1376,2026030105013122,SANVI,39,58,100,806.00,"80,600.00"
2026-03-02,1377,2026030105013078,SANVI,57,38,10,806.00,"8,060.00"
2026-03-02,1378,2026030105013043,SANVI,58,58,30,807.00,"24,210.00"
2026-03-02,1379,2026030105013195,SANVI,18,33,10,803.10,"8,031.00"
2026-03-02,1380,2026030105013194,SANVI,51,33,25,804.00,"20,100.00"
2026-03-02,1381,2026030105013193,SANVI,45,33,10,804.00,"8,040.00"
2026-03-02,1382,2026030105013192,SANVI,41,33,100,805.00,"80,500.00"
2026-03-02,1383,2026030105013191,SANVI,42,33,10,805.00,"8,050.00"
2026-03-02,1384,2026030105013190,SANVI,51,33,20,805.10,"16,102.00"
2026-03-02,1385,2026030105013310,SHIVM,58,56,6,623.80,"3,742.80"
2026-03-02,1386,2026030105013242,SHIVM,48,101,49,623.30,"30,541.70"
2026-03-02,1387,2026030105013234,SHIVM,66,101,276,623.30,"172,030.80"
2026-03-02,1388,2026030105013233,SHIVM,66,49,131,623.00,"81,613.00"
2026-03-02,1389,2026030105013227,SHIVM,94,49,500,623.00,"311,500.00"
2026-03-02,1390,2026030105013226,SHIVM,47,49,100,623.00,"62,300.00"
2026-03-02,1391,2026030105013002,SHIVM,66,43,50,623.40,"31,170.00"
2026-03-02,1392,2026030105013133,SHIVM,29,82,70,623.40,"43,638.00"
2026-03-02,1393,2026030105013125,SHIVM,29,14,30,623.40,"18,702.00"
2026-03-02,1394,2026030105013101,SHIVM,66,22,780,623.50,"486,330.00"
2026-03-02,1395,2026030105013067,SHIVM,66,57,294,623.40,"183,279.60"
2026-03-02,1396,2026030105013023,SHIVM,34,57,10,623.40,"6,234.00"
2026-03-02,1397,2026030105013003,SHIVM,66,57,247,623.40,"153,979.80"
2026-03-02,1398,2026030105013183,SHIVM,66,45,25,623.50,"15,587.50"
2026-03-02,1399,2026030105013182,SHIVM,66,22,70,623.50,"43,645.00"
2026-03-02,1400,2026030105013181,SHIVM,66,82,30,623.40,"18,702.00"
2026-03-02,1401,2026030105013176,SHIVM,42,101,187,623.00,"116,501.00"
2026-03-02,1402,2026030105013175,SHIVM,17,101,50,623.00,"31,150.00"
2026-03-02,1403,2026030105013174,SHIVM,47,101,90,623.00,"56,070.00"
2026-03-02,1404,2026030105013225,SHIVM,42,49,87,623.00,"54,201.00"
2026-03-02,1405,2026030105013224,SHIVM,35,49,20,623.00,"12,460.00"
2026-03-02,1406,2026030105013223,SHIVM,42,49,162,623.00,"100,926.00"
2026-03-02,1407,2026030105013216,SHIVM,42,85,151,623.00,"94,073.00"
2026-03-02,1408,2026030105013213,SHIVM,4,45,390,623.50,"243,165.00"
2026-03-02,1409,2026030105013212,SHIVM,4,48,10,623.40,"6,234.00"
2026-03-02,1410,2026030105013378,SMATA,42,19,70,790.00,"55,300.00"
2026-03-02,1411,2026030105013451,SMH,42,7,40,625.00,"25,000.00"
2026-03-02,1412,2026030105013450,SMH,42,45,160,625.00,"100,000.00"
2026-03-02,1413,2026030105013141,SMH,41,89,10,624.00,"6,240.00"
2026-03-02,1414,2026030105013121,SMH,22,45,90,625.00,"56,250.00"
2026-03-02,1415,2026030105013120,SMH,22,6,10,624.90,"6,249.00"
2026-03-02,1416,2026030105013432,SMHL,58,7,649,460.00,"298,540.00"
2026-03-02,1417,2026030105013431,SMHL,58,34,351,460.00,"161,460.00"
2026-03-02,1418,2026030105013220,SMHL,69,34,149,460.00,"68,540.00"
2026-03-02,1419,2026030105013219,SMHL,69,35,451,460.00,"207,460.00"
2026-03-02,1420,2026030105013218,SMHL,69,8,400,459.90,"183,960.00"
2026-03-02,1421,2026030105013148,SMHL,44,17,400,458.00,"183,200.00"
2026-03-02,1422,2026030105013015,SMHL,6,60,105,458.50,"48,142.50"
2026-03-02,1423,2026030105013014,SMHL,47,60,140,459.00,"64,260.00"
2026-03-02,1424,2026030105013013,SMHL,49,60,216,459.00,"99,144.00"
2026-03-02,1425,2026030105013012,SMHL,35,60,526,459.00,"241,434.00"
2026-03-02,1426,2026030105013107,SMHL,44,34,500,458.00,"229,000.00"
2026-03-02,1427,2026030105013082,SMHL,44,19,"1,940",458.00,"888,520.00"
2026-03-02,1428,2026030105013019,SMHL,44,60,413,458.00,"189,154.00"
2026-03-02,1429,2026030105013018,SMHL,51,60,500,458.10,"229,050.00"
2026-03-02,1430,2026030105013017,SMHL,14,60,100,458.10,"45,810.00"
2026-03-02,1431,2026030105013016,SMHL,38,60,"1,000",458.50,"458,500.00"
2026-03-02,1432,2026030105013146,SMJC,50,32,50,466.00,"23,300.00"
2026-03-02,1433,2026030105013145,SMJC,45,32,500,466.00,"233,000.00"
2026-03-02,1434,2026030105013144,SMJC,21,32,100,466.00,"46,600.00"
2026-03-02,1435,2026030105013048,SMJC,21,32,400,466.00,"186,400.00"
2026-03-02,1436,2026030105013047,SMJC,58,32,100,466.00,"46,600.00"
2026-03-02,1437,2026030105013388,SONA,34,47,500,431.00,"215,500.00"
2026-03-02,1438,2026030105013333,SONA,16,47,80,431.00,"34,480.00"
2026-03-02,1439,2026030105013332,SONA,16,13,500,431.00,"215,500.00"
2026-03-02,1440,2026030105013331,SONA,16,57,150,431.00,"64,650.00"
2026-03-02,1441,2026030105013330,SONA,16,52,"1,000",431.00,"431,000.00"
2026-03-02,1442,2026030105013329,SONA,16,38,10,431.00,"4,310.00"
2026-03-02,1443,2026030105013322,SONA,16,21,10,430.00,"4,300.00"
2026-03-02,1444,2026030105013321,SONA,16,40,80,430.00,"34,400.00"
2026-03-02,1445,2026030105013320,SONA,16,52,10,429.00,"4,290.00"
2026-03-02,1446,2026030105013328,SONA,16,58,10,431.00,"4,310.00"
2026-03-02,1447,2026030105013327,SONA,16,58,10,431.00,"4,310.00"
2026-03-02,1448,2026030105013326,SONA,16,11,50,430.90,"21,545.00"
2026-03-02,1449,2026030105013325,SONA,16,58,30,430.20,"12,906.00"
2026-03-02,1450,2026030105013324,SONA,16,90,50,430.00,"21,500.00"
2026-03-02,1451,2026030105013323,SONA,16,42,10,430.00,"4,300.00"
2026-03-02,1452,2026030105013454,SPC,29,51,30,487.50,"14,625.00"
2026-03-02,1453,2026030105013453,SPC,57,51,200,487.50,"97,500.00"
2026-03-02,1454,2026030105013353,SPC,45,51,200,487.50,"97,500.00"
2026-03-02,1455,2026030105013352,SPC,28,51,50,487.80,"24,390.00"
2026-03-02,1456,2026030105013351,SPC,86,51,250,488.00,"122,000.00"
2026-03-02,1457,2026030105013350,SPC,42,51,10,490.00,"4,900.00"
2026-03-02,1458,2026030105013319,SPHL,48,41,10,540.00,"5,400.00"
2026-03-02,1459,2026030105013318,SPHL,48,41,15,540.00,"8,100.00"
2026-03-02,1460,2026030105013243,SPL,90,45,30,726.00,"21,780.00"
2026-03-02,1461,2026030105012995,SPL,47,45,40,726.00,"29,040.00"
2026-03-02,1462,2026030105013405,TAMOR,51,29,25,417.60,"10,440.00"
2026-03-02,1463,2026030105013360,TAMOR,38,25,15,417.00,"6,255.00"
2026-03-02,1464,2026030105013049,TAMOR,35,52,10,416.00,"4,160.00"
2026-03-02,1465,2026030105013475,TPC,59,11,500,386.50,"193,250.00"
2026-03-02,1466,2026030105013395,TPC,58,57,24,384.10,"9,218.40"
2026-03-02,1467,2026030105013394,TPC,58,57,50,385.30,"19,265.00"
2026-03-02,1468,2026030105013393,TPC,32,57,50,386.00,"19,300.00"
2026-03-02,1469,2026030105013392,TPC,14,57,226,386.00,"87,236.00"
2026-03-02,1470,2026030105013072,TPC,11,42,100,386.80,"38,680.00"
2026-03-02,1471,2026030105013391,TPC,11,57,100,386.10,"38,610.00"
2026-03-02,1472,2026030105013390,TPC,29,57,50,386.20,"19,310.00"
2026-03-02,1473,2026030105013459,TSHL,51,42,13,740.00,"9,620.00"
2026-03-02,1474,2026030105013384,TVCL,101,71,20,640.90,"12,818.00"
2026-03-02,1475,2026030105013344,TVCL,77,71,90,640.90,"57,681.00"
2026-03-02,1476,2026030105013343,TVCL,77,44,10,640.90,"6,409.00"
2026-03-02,1477,2026030105013342,TVCL,77,49,30,640.00,"19,200.00"
2026-03-02,1478,2026030105013341,TVCL,77,37,420,640.00,"268,800.00"
2026-03-02,1479,2026030105013340,TVCL,77,34,100,639.90,"63,990.00"
2026-03-02,1480,2026030105013081,UHEWA,11,36,40,561.50,"22,460.00"
2026-03-02,1481,2026030105013452,ULHC,58,57,30,552.00,"16,560.00"
2026-03-02,1482,2026030105013307,ULHC,35,1,79,550.10,"43,457.90"
2026-03-02,1483,2026030105013306,ULHC,33,1,121,551.00,"66,671.00"
2026-03-02,1484,2026030105012997,ULHC,42,57,20,552.00,"11,040.00"
2026-03-02,1485,2026030105013010,USHEC,39,47,100,477.00,"47,700.00"
2026-03-02,1486,2026030105013164,USHEC,57,45,200,477.00,"95,400.00"
2026-03-02,1487,2026030105013163,USHEC,57,47,300,477.00,"143,100.00"
2026-03-02,1488,2026030105013162,USHEC,57,64,200,477.00,"95,400.00"
2026-03-02,1489,2026030105013161,USHEC,57,47,75,477.00,"35,775.00"
2026-03-02,1490,2026030105013215,USHL,34,45,80,705.80,"56,464.00"
2026-03-02,1491,2026030105013214,USHL,29,45,10,705.80,"7,058.00"
2026-03-02,1492,2026030105013132,USHL,42,45,100,705.90,"70,590.00"
2026-03-02,1493,2026030105013131,USHL,34,45,10,705.90,"7,059.00"
2026-03-02,1494,2026030105013480,VLUCL,38,41,50,561.00,"28,050.00"
2026-03-02,1495,2026030105013359,VLUCL,7,1,12,558.10,"6,697.20"
2026-03-02,1496,2026030105013169,VLUCL,7,52,10,558.00,"5,580.00"
2026-03-02,1497,2026030105013103,VLUCL,42,1,30,558.10,"16,743.00"
2026-03-02,1498,2026030105013046,VLUCL,89,1,100,558.10,"55,810.00"
2026-03-02,1499,2026030105013045,VLUCL,39,1,500,558.30,"279,150.00"
2026-03-02,1500,2026030105013044,VLUCL,7,1,118,558.40,"65,891.20"
2026-03-02,1501,2026030105012976,AHL,35,56,1,499.90,499.90
2026-03-02,1502,2026030105012816,BEDC,34,90,10,514.00,"5,140.00"
2026-03-02,1503,2026030105012521,BEDC,49,62,10,514.90,"5,149.00"
2026-03-02,1504,2026030105012815,BEDC,6,90,50,514.00,"25,700.00"
2026-03-02,1505,2026030105012727,BEDC,55,56,38,515.00,"19,570.00"
2026-03-02,1506,2026030105012726,BEDC,55,61,50,514.90,"25,745.00"
2026-03-02,1507,2026030105012725,BEDC,55,62,212,514.90,"109,158.80"
2026-03-02,1508,2026030105012800,BGWT,34,57,34,760.00,"25,840.00"
2026-03-02,1509,2026030105012744,BHDC,58,20,54,473.00,"25,542.00"
2026-03-02,1510,2026030105012743,BHDC,58,20,500,473.00,"236,500.00"
2026-03-02,1511,2026030105012742,BHDC,32,20,11,473.00,"5,203.00"
2026-03-02,1512,2026030105012741,BHDC,29,20,200,473.00,"94,600.00"
2026-03-02,1513,2026030105012740,BHDC,41,20,235,473.40,"111,249.00"
2026-03-02,1514,2026030105012670,BHDC,41,35,23,473.40,"10,888.20"
