date,sn,contract_no,stock_symbol,buyer,seller,quantity,rate,amount
2026-03-10,1,2026031005057146,AHL,58,34,10,540.00,"5,400.00"
2026-03-10,2,2026031005056775,AHL,58,58,10,539.90,"5,399.00"
2026-03-10,3,2026031005056859,BBC,58,75,10,"4,890.00","48,900.00"
2026-03-10,4,2026031005056858,BBC,58,60,10,"4,889.00","48,890.00"
2026-03-10,5,2026031005056973,BEDC,34,45,10,541.00,"5,410.00"
2026-03-10,6,2026031005056969,BEDC,57,74,50,534.00,"26,700.00"
2026-03-10,7,2026031005056968,BEDC,14,74,50,540.00,"27,000.00"
2026-03-10,8,2026031005056916,BEDC,14,41,20,540.00,"10,800.00"
2026-03-10,9,2026031005056911,BEDC,55,3,10,540.00,"5,400.00"
2026-03-10,10,2026031005057198,BGWT,6,44,10,789.00,"7,890.00"
2026-03-10,11,2026031005057237,BHDC,50,67,10,505.00,"5,050.00"
2026-03-10,12,2026031005057014,BHDC,48,43,602,504.00,"303,408.00"
2026-03-10,13,2026031005057013,BHDC,43,43,100,504.70,"50,470.00"
2026-03-10,14,2026031005057012,BHDC,72,43,10,504.70,"5,047.00"
2026-03-10,15,2026031005057011,BHDC,33,43,13,504.70,"6,561.10"
2026-03-10,16,2026031005057010,BHDC,6,43,75,504.80,"37,860.00"
2026-03-10,17,2026031005057009,BHDC,16,43,100,505.00,"50,500.00"
2026-03-10,18,2026031005056997,BHDC,14,38,193,506.00,"97,658.00"
2026-03-10,19,2026031005056996,BHDC,14,42,32,506.00,"16,192.00"
2026-03-10,20,2026031005057260,BHL,44,42,100,222.00,"22,200.00"
2026-03-10,21,2026031005057259,BHL,44,37,100,222.00,"22,200.00"
2026-03-10,22,2026031005057258,BHL,44,58,88,222.00,"19,536.00"
2026-03-10,23,2026031005057257,BHL,44,34,250,222.00,"55,500.00"
2026-03-10,24,2026031005057256,BHL,44,13,225,222.00,"49,950.00"
2026-03-10,25,2026031005057255,BHL,44,58,50,222.00,"11,100.00"
2026-03-10,26,2026031005056914,BHL,58,57,135,222.00,"29,970.00"
2026-03-10,27,2026031005056906,BHL,11,57,68,222.00,"15,096.00"
2026-03-10,28,2026031005056905,BHL,11,43,227,222.00,"50,394.00"
2026-03-10,29,2026031005056769,BHL,59,43,263,222.00,"58,386.00"
2026-03-10,30,2026031005057068,BHL,58,58,200,221.80,"44,360.00"
2026-03-10,31,2026031005057035,BHL,57,57,100,222.00,"22,200.00"
2026-03-10,32,2026031005056962,BHL,50,57,200,222.00,"44,400.00"
2026-03-10,33,2026031005056950,BHL,45,57,81,222.00,"17,982.00"
2026-03-10,34,2026031005056947,BHL,58,57,10,222.00,"2,220.00"
2026-03-10,35,2026031005056922,BHL,32,57,190,222.00,"42,180.00"
2026-03-10,36,2026031005057254,BHL,44,57,344,222.00,"76,368.00"
2026-03-10,37,2026031005057158,BHL,13,57,172,222.00,"38,184.00"
2026-03-10,38,2026031005057157,BHL,13,44,128,221.80,"28,390.40"
2026-03-10,39,2026031005057126,BHL,59,44,272,221.80,"60,329.60"
2026-03-10,40,2026031005057125,BHL,59,58,60,221.80,"13,308.00"
2026-03-10,41,2026031005057086,BHL,47,58,130,221.80,"28,834.00"
2026-03-10,42,2026031005057263,BHPL,35,34,10,588.00,"5,880.00"
2026-03-10,43,2026031005057262,BHPL,35,34,10,589.00,"5,890.00"
2026-03-10,44,2026031005057195,BHPL,32,97,10,590.00,"5,900.00"
2026-03-10,45,2026031005057164,BHPL,39,97,400,590.00,"236,000.00"
2026-03-10,46,2026031005057054,BHPL,58,97,10,590.00,"5,900.00"
2026-03-10,47,2026031005056963,BHPL,51,7,60,589.00,"35,340.00"
2026-03-10,48,2026031005056764,BHPL,51,62,13,589.00,"7,657.00"
2026-03-10,49,2026031005057074,BNHC,35,55,100,380.00,"38,000.00"
2026-03-10,50,2026031005057050,BNHC,19,5,156,380.50,"59,358.00"
2026-03-10,51,2026031005057049,BNHC,19,49,34,380.50,"12,937.00"
2026-03-10,52,2026031005056929,BNHC,35,49,50,380.50,"19,025.00"
2026-03-10,53,2026031005056893,BNHC,19,96,10,380.40,"3,804.00"
2026-03-10,54,2026031005057234,CHDC,50,43,10,"2,624.00","26,240.00"
2026-03-10,55,2026031005057148,CHDC,34,43,60,"2,624.00","157,440.00"
2026-03-10,56,2026031005057147,CHDC,34,17,40,"2,620.00","104,800.00"
2026-03-10,57,2026031005057079,CHDC,64,17,10,"2,620.00","26,200.00"
2026-03-10,58,2026031005057078,CHDC,64,91,10,"2,620.00","26,200.00"
2026-03-10,59,2026031005057044,CHDC,6,60,10,"2,605.00","26,050.00"
2026-03-10,60,2026031005056841,CHDC,69,13,100,"2,610.00","261,000.00"
2026-03-10,61,2026031005056852,CHDC,34,60,10,"2,619.90","26,199.00"
2026-03-10,62,2026031005056846,CHDC,6,13,112,"2,605.00","291,760.00"
2026-03-10,63,2026031005056845,CHDC,56,13,88,"2,605.00","229,240.00"
2026-03-10,64,2026031005056844,CHDC,49,13,10,"2,605.10","26,051.00"
2026-03-10,65,2026031005056843,CHDC,58,13,100,"2,606.00","260,600.00"
2026-03-10,66,2026031005056842,CHDC,64,13,90,"2,609.00","234,810.00"
2026-03-10,67,2026031005057132,CIT,29,50,20,"1,868.00","37,360.00"
2026-03-10,68,2026031005056912,CIT,49,17,100,"1,868.20","186,820.00"
2026-03-10,69,2026031005057252,CKHL,17,67,20,728.00,"14,560.00"
2026-03-10,70,2026031005056966,CKHL,13,17,465,720.00,"334,800.00"
2026-03-10,71,2026031005056965,CKHL,58,17,35,722.00,"25,270.00"
2026-03-10,72,2026031005057239,CLI,43,56,11,495.00,"5,445.00"
2026-03-10,73,2026031005056856,CLI,25,56,"1,000",495.00,"495,000.00"
2026-03-10,74,2026031005056855,CLI,29,56,10,495.00,"4,950.00"
2026-03-10,75,2026031005056854,CLI,38,56,12,495.00,"5,940.00"
2026-03-10,76,2026031005057160,DOLTI,35,57,10,530.00,"5,300.00"
2026-03-10,77,2026031005057159,DOLTI,35,58,10,529.00,"5,290.00"
2026-03-10,78,2026031005056910,DOLTI,34,41,38,525.00,"19,950.00"
2026-03-10,79,2026031005056909,DOLTI,33,41,82,525.00,"43,050.00"
2026-03-10,80,2026031005057084,DORDI,50,52,500,295.00,"147,500.00"
2026-03-10,81,2026031005057038,DORDI,50,63,360,295.00,"106,200.00"
2026-03-10,82,2026031005057008,DORDI,50,25,450,295.00,"132,750.00"
2026-03-10,83,2026031005057007,DORDI,59,25,50,295.00,"14,750.00"
2026-03-10,84,2026031005057006,DORDI,11,25,420,295.00,"123,900.00"
2026-03-10,85,2026031005056941,DORDI,11,49,80,295.00,"23,600.00"
2026-03-10,86,2026031005056940,DORDI,6,49,20,295.00,"5,900.00"
2026-03-10,87,2026031005056883,DORDI,6,14,60,295.00,"17,700.00"
2026-03-10,88,2026031005056882,DORDI,56,14,90,295.00,"26,550.00"
2026-03-10,89,2026031005057042,EHPL,90,74,13,436.00,"5,668.00"
2026-03-10,90,2026031005057041,EHPL,90,6,10,435.00,"4,350.00"
2026-03-10,91,2026031005057040,EHPL,90,4,500,435.00,"217,500.00"
2026-03-10,92,2026031005057039,EHPL,90,4,477,435.00,"207,495.00"
2026-03-10,93,2026031005056970,EHPL,11,4,10,435.00,"4,350.00"
2026-03-10,94,2026031005056857,EHPL,1,58,50,434.50,"21,725.00"
2026-03-10,95,2026031005056820,EHPL,1,45,200,434.50,"86,900.00"
2026-03-10,96,2026031005056980,ENL,58,8,10,971.50,"9,715.00"
2026-03-10,97,2026031005057090,GCIL,29,7,10,447.70,"4,477.00"
2026-03-10,98,2026031005056853,GCIL,29,8,10,447.80,"4,478.00"
2026-03-10,99,2026031005057057,GVL,49,34,110,518.60,"57,046.00"
2026-03-10,100,2026031005057036,GVL,57,54,50,519.00,"25,950.00"
2026-03-10,101,2026031005057094,HATHY,42,58,71,972.00,"69,012.00"
2026-03-10,102,2026031005057058,HATHY,51,38,10,971.20,"9,712.00"
2026-03-10,103,2026031005056978,HATHY,41,58,20,972.00,"19,440.00"
2026-03-10,104,2026031005056934,HATHY,49,58,29,973.00,"28,217.00"
2026-03-10,105,2026031005056899,HATHY,49,58,10,973.00,"9,730.00"
2026-03-10,106,2026031005056828,HATHY,49,38,11,973.00,"10,703.00"
2026-03-10,107,2026031005057222,HDL,21,48,50,"1,225.00","61,250.00"
2026-03-10,108,2026031005057173,HDL,47,14,70,"1,224.00","85,680.00"
2026-03-10,109,2026031005057172,HDL,54,14,30,"1,224.20","36,726.00"
2026-03-10,110,2026031005057171,HDL,8,14,100,"1,224.20","122,420.00"
2026-03-10,111,2026031005057127,HDL,57,48,50,"1,225.00","61,250.00"
2026-03-10,112,2026031005056942,HDL,100,33,18,"1,227.00","22,086.00"
2026-03-10,113,2026031005056939,HDL,19,33,20,"1,227.00","24,540.00"
2026-03-10,114,2026031005056938,HDL,58,33,46,"1,227.00","56,442.00"
2026-03-10,115,2026031005056862,HDL,58,29,160,"1,227.00","196,320.00"
2026-03-10,116,2026031005056861,HDL,58,29,20,"1,227.00","24,540.00"
2026-03-10,117,2026031005056956,HDL,51,42,70,"1,225.00","85,750.00"
2026-03-10,118,2026031005056955,HDL,21,42,50,"1,225.00","61,250.00"
2026-03-10,119,2026031005056954,HDL,42,42,60,"1,226.00","73,560.00"
2026-03-10,120,2026031005056953,HDL,42,42,20,"1,226.00","24,520.00"
2026-03-10,121,2026031005057069,HDL,45,48,10,"1,225.00","12,250.00"
2026-03-10,122,2026031005057067,HDL,13,48,20,"1,225.00","24,500.00"
2026-03-10,123,2026031005057066,HDL,22,48,187,"1,225.00","229,075.00"
2026-03-10,124,2026031005057065,HDL,35,48,107,"1,225.00","131,075.00"
2026-03-10,125,2026031005057064,HDL,51,48,30,"1,225.00","36,750.00"
2026-03-10,126,2026031005057063,HDL,34,48,10,"1,226.00","12,260.00"
2026-03-10,127,2026031005057228,HHL,44,32,10,363.00,"3,630.00"
2026-03-10,128,2026031005057176,HHL,42,58,161,362.00,"58,282.00"
2026-03-10,129,2026031005057175,HHL,42,58,629,362.10,"227,760.90"
2026-03-10,130,2026031005057174,HHL,59,58,210,362.20,"76,062.00"
2026-03-10,131,2026031005057149,HHL,59,70,390,362.20,"141,258.00"
2026-03-10,132,2026031005057029,HHL,59,34,400,362.20,"144,880.00"
2026-03-10,133,2026031005057242,HIDCL,60,13,10,291.00,"2,910.00"
2026-03-10,134,2026031005057152,HIDCL,10,48,10,290.30,"2,903.00"
2026-03-10,135,2026031005057053,HIDCL,58,13,50,291.00,"14,550.00"
2026-03-10,136,2026031005056915,HIDCL,60,39,10,293.00,"2,930.00"
2026-03-10,137,2026031005056875,HIDCL,48,17,46,288.20,"13,257.20"
2026-03-10,138,2026031005056874,HIDCL,38,17,500,289.00,"144,500.00"
2026-03-10,139,2026031005056784,HIDCL,97,16,10,291.00,"2,910.00"
2026-03-10,140,2026031005056783,HIDCL,97,34,100,291.00,"29,100.00"
2026-03-10,141,2026031005056782,HIDCL,97,25,500,291.00,"145,500.00"
2026-03-10,142,2026031005056781,HIDCL,97,54,"1,000",291.00,"291,000.00"
2026-03-10,143,2026031005056780,HIDCL,97,13,102,291.00,"29,682.00"
2026-03-10,144,2026031005056779,HIDCL,97,87,500,290.90,"145,450.00"
2026-03-10,145,2026031005056790,HIDCL,97,45,195,291.20,"56,784.00"
2026-03-10,146,2026031005056789,HIDCL,97,25,100,291.00,"29,100.00"
2026-03-10,147,2026031005056788,HIDCL,97,77,30,291.00,"8,730.00"
2026-03-10,148,2026031005056787,HIDCL,97,13,300,291.00,"87,300.00"
2026-03-10,149,2026031005056786,HIDCL,97,45,500,291.00,"145,500.00"
2026-03-10,150,2026031005056785,HIDCL,97,51,200,291.00,"58,200.00"
2026-03-10,151,2026031005056796,HIDCL,97,11,31,291.60,"9,039.60"
2026-03-10,152,2026031005056795,HIDCL,97,14,"3,000",291.60,"874,800.00"
2026-03-10,153,2026031005056794,HIDCL,97,49,55,291.60,"16,038.00"
2026-03-10,154,2026031005056793,HIDCL,97,32,35,291.60,"10,206.00"
2026-03-10,155,2026031005056792,HIDCL,97,52,81,291.20,"23,587.20"
2026-03-10,156,2026031005056791,HIDCL,97,80,10,291.20,"2,912.00"
2026-03-10,157,2026031005056802,HIDCL,97,7,"2,000",291.80,"583,600.00"
2026-03-10,158,2026031005056801,HIDCL,97,90,100,291.70,"29,170.00"
2026-03-10,159,2026031005056800,HIDCL,97,42,500,291.70,"145,850.00"
2026-03-10,160,2026031005056799,HIDCL,97,57,400,291.60,"116,640.00"
2026-03-10,161,2026031005056798,HIDCL,97,81,50,291.60,"14,580.00"
2026-03-10,162,2026031005056797,HIDCL,97,8,92,291.60,"26,827.20"
2026-03-10,163,2026031005056808,HIDCL,97,21,"1,000",292.00,"292,000.00"
2026-03-10,164,2026031005056807,HIDCL,97,51,139,292.00,"40,588.00"
2026-03-10,165,2026031005056806,HIDCL,97,87,100,292.00,"29,200.00"
2026-03-10,166,2026031005056805,HIDCL,97,40,100,292.00,"29,200.00"
2026-03-10,167,2026031005056804,HIDCL,97,19,70,292.00,"20,440.00"
2026-03-10,168,2026031005056803,HIDCL,97,81,"5,000",292.00,"1,460,000.00"
2026-03-10,169,2026031005056814,HIDCL,97,3,300,293.00,"87,900.00"
2026-03-10,170,2026031005056813,HIDCL,97,54,20,292.70,"5,854.00"
2026-03-10,171,2026031005056812,HIDCL,97,57,140,292.20,"40,908.00"
2026-03-10,172,2026031005056811,HIDCL,97,8,100,292.00,"29,200.00"
2026-03-10,173,2026031005056810,HIDCL,97,13,"1,000",292.00,"292,000.00"
2026-03-10,174,2026031005056809,HIDCL,97,58,210,292.00,"61,320.00"
2026-03-10,175,2026031005056867,HIDCL,77,17,770,290.40,"223,608.00"
2026-03-10,176,2026031005056866,HIDCL,97,17,734,293.00,"215,062.00"
2026-03-10,177,2026031005056818,HIDCL,97,42,"1,500",293.00,"439,500.00"
2026-03-10,178,2026031005056817,HIDCL,97,8,300,293.00,"87,900.00"
2026-03-10,179,2026031005056816,HIDCL,97,42,105,293.00,"30,765.00"
2026-03-10,180,2026031005056815,HIDCL,97,25,500,293.00,"146,500.00"
2026-03-10,181,2026031005056873,HIDCL,50,17,500,289.00,"144,500.00"
2026-03-10,182,2026031005056872,HIDCL,58,17,40,289.00,"11,560.00"
2026-03-10,183,2026031005056871,HIDCL,58,17,95,290.00,"27,550.00"
2026-03-10,184,2026031005056870,HIDCL,97,17,256,290.00,"74,240.00"
2026-03-10,185,2026031005056869,HIDCL,91,17,"1,000",290.10,"290,100.00"
2026-03-10,186,2026031005056868,HIDCL,42,17,59,290.20,"17,121.80"
2026-03-10,187,2026031005057227,HRL,34,54,250,906.00,"226,500.00"
2026-03-10,188,2026031005057226,HRL,8,54,235,906.00,"212,910.00"
2026-03-10,189,2026031005057225,HRL,41,54,10,906.10,"9,061.00"
2026-03-10,190,2026031005057202,HRL,58,53,100,907.00,"90,700.00"
2026-03-10,191,2026031005057156,HRL,34,53,101,907.00,"91,607.00"
2026-03-10,192,2026031005056819,HRL,34,7,10,907.00,"9,070.00"
2026-03-10,193,2026031005056772,HRL,43,7,40,907.00,"36,280.00"
2026-03-10,194,2026031005056975,HRL,41,34,30,906.10,"27,183.00"
2026-03-10,195,2026031005056974,HRL,51,34,50,906.10,"45,305.00"
2026-03-10,196,2026031005056921,HRL,58,53,72,907.00,"65,304.00"
2026-03-10,197,2026031005056920,HRL,58,7,28,907.00,"25,396.00"
2026-03-10,198,2026031005056903,HRL,38,4,100,906.10,"90,610.00"
2026-03-10,199,2026031005056886,HRL,58,7,10,907.00,"9,070.00"
2026-03-10,200,2026031005057043,HRL,41,57,50,906.10,"45,305.00"
2026-03-10,201,2026031005056998,HRL,38,53,75,907.00,"68,025.00"
2026-03-10,202,2026031005057238,IHL,55,7,10,530.00,"5,300.00"
2026-03-10,203,2026031005057224,IHL,55,26,10,530.00,"5,300.00"
2026-03-10,204,2026031005057145,ILI,43,4,12,462.20,"5,546.40"
2026-03-10,205,2026031005056937,ILI,38,62,185,466.00,"86,210.00"
2026-03-10,206,2026031005056936,ILI,38,26,25,465.90,"11,647.50"
2026-03-10,207,2026031005056901,ILI,59,35,10,464.00,"4,640.00"
2026-03-10,208,2026031005056960,KBSH,42,6,10,"1,725.00","17,250.00"
2026-03-10,209,2026031005056959,KBSH,42,57,10,"1,720.00","17,200.00"
2026-03-10,210,2026031005056958,KBSH,42,34,30,"1,716.60","51,498.00"
2026-03-10,211,2026031005057153,MAKAR,65,53,10,555.00,"5,550.00"
2026-03-10,212,2026031005057197,MANDU,34,4,100,850.00,"85,000.00"
2026-03-10,213,2026031005057114,MANDU,34,17,10,850.00,"8,500.00"
2026-03-10,214,2026031005057261,MBJC,21,58,60,307.30,"18,438.00"
2026-03-10,215,2026031005057082,MBJC,21,62,50,307.30,"15,365.00"
2026-03-10,216,2026031005057047,MBJC,46,42,280,307.10,"85,988.00"
2026-03-10,217,2026031005057046,MBJC,64,42,200,307.10,"61,420.00"
2026-03-10,218,2026031005057045,MBJC,21,42,20,307.10,"6,142.00"
2026-03-10,219,2026031005057005,MBJC,21,41,80,307.10,"24,568.00"
2026-03-10,220,2026031005057004,MBJC,48,41,10,307.20,"3,072.00"
2026-03-10,221,2026031005056952,MBJC,52,62,200,307.30,"61,460.00"
2026-03-10,222,2026031005056902,MBJC,42,62,200,307.30,"61,460.00"
2026-03-10,223,2026031005056930,MCHL,53,45,10,438.00,"4,380.00"
2026-03-10,224,2026031005057244,MEHL,42,39,10,468.00,"4,680.00"
2026-03-10,225,2026031005056919,MEHL,26,39,342,468.00,"160,056.00"
2026-03-10,226,2026031005056918,MEHL,26,43,458,467.00,"213,886.00"
2026-03-10,227,2026031005057245,MEL,49,17,100,302.00,"30,200.00"
2026-03-10,228,2026031005057117,MEL,6,17,12,302.00,"3,624.00"
2026-03-10,229,2026031005057116,MEL,58,17,30,302.00,"9,060.00"
2026-03-10,230,2026031005057115,MEL,21,17,165,302.00,"49,830.00"
2026-03-10,231,2026031005056979,MEL,58,74,40,303.00,"12,120.00"
2026-03-10,232,2026031005057080,MHL,48,45,70,537.00,"37,590.00"
2026-03-10,233,2026031005057206,MKHL,92,25,40,830.00,"33,200.00"
2026-03-10,234,2026031005057205,MKHL,92,47,30,829.00,"24,870.00"
2026-03-10,235,2026031005057204,MKHL,92,16,200,827.90,"165,580.00"
2026-03-10,236,2026031005057203,MKHL,92,58,10,825.00,"8,250.00"
2026-03-10,237,2026031005057105,MKHL,92,58,10,821.30,"8,213.00"
2026-03-10,238,2026031005057208,MKJC,21,58,10,547.00,"5,470.00"
2026-03-10,239,2026031005057118,MKJC,41,58,50,547.00,"27,350.00"
2026-03-10,240,2026031005057104,MKJC,55,58,100,547.00,"54,700.00"
2026-03-10,241,2026031005057103,MKJC,48,58,100,547.00,"54,700.00"
2026-03-10,242,2026031005057102,MKJC,26,58,90,547.10,"49,239.00"
2026-03-10,243,2026031005057095,MKJC,21,58,10,548.60,"5,486.00"
2026-03-10,244,2026031005057071,MKJC,45,77,150,549.00,"82,350.00"
2026-03-10,245,2026031005057101,MKJC,58,58,50,547.20,"27,360.00"
2026-03-10,246,2026031005057100,MKJC,49,58,100,547.30,"54,730.00"
2026-03-10,247,2026031005057099,MKJC,34,58,25,548.00,"13,700.00"
2026-03-10,248,2026031005057098,MKJC,74,58,100,548.00,"54,800.00"
2026-03-10,249,2026031005057097,MKJC,17,58,50,548.10,"27,405.00"
2026-03-10,250,2026031005057096,MKJC,38,58,19,548.20,"10,415.80"
2026-03-10,251,2026031005057249,NBF3,34,4,"4,400",9.75,"42,900.00"
2026-03-10,252,2026031005057248,NBF3,34,58,100,9.75,975.00
2026-03-10,253,2026031005057247,NBF3,34,52,"3,000",9.74,"29,220.00"
2026-03-10,254,2026031005057124,NBF3,21,42,100,9.70,970.00
2026-03-10,255,2026031005057123,NBF3,21,58,500,9.69,"4,845.00"
2026-03-10,256,2026031005057122,NBF3,21,22,100,9.69,969.00
2026-03-10,257,2026031005057121,NBF3,21,42,200,9.68,"1,936.00"
2026-03-10,258,2026031005057120,NBF3,21,42,500,9.67,"4,835.00"
2026-03-10,259,2026031005057119,NBF3,21,7,"1,000",9.67,"9,670.00"
2026-03-10,260,2026031005056977,NIBSF2,35,35,200,9.12,"1,824.00"
2026-03-10,261,2026031005057253,NIFRA,34,99,10,285.20,"2,852.00"
2026-03-10,262,2026031005057131,NIFRA,60,48,"1,587",286.90,"455,310.30"
2026-03-10,263,2026031005057130,NIFRA,60,46,902,286.00,"257,972.00"
2026-03-10,264,2026031005057129,NIFRA,60,34,500,286.00,"143,000.00"
2026-03-10,265,2026031005057128,NIFRA,60,17,11,286.00,"3,146.00"
2026-03-10,266,2026031005057085,NIFRA,58,17,20,286.00,"5,720.00"
2026-03-10,267,2026031005056896,NIFRA,34,42,540,286.00,"154,440.00"
2026-03-10,268,2026031005056887,NIFRA,34,58,150,286.00,"42,900.00"
2026-03-10,269,2026031005056839,NIFRA,45,48,100,286.90,"28,690.00"
2026-03-10,270,2026031005056835,NIFRA,60,48,"1,000",286.90,"286,900.00"
2026-03-10,271,2026031005057022,NIFRA,33,74,"1,000",285.00,"285,000.00"
2026-03-10,272,2026031005057021,NIFRA,62,74,"1,000",285.00,"285,000.00"
2026-03-10,273,2026031005057020,NIFRA,21,74,800,285.10,"228,080.00"
2026-03-10,274,2026031005057019,NIFRA,57,74,330,285.10,"94,083.00"
2026-03-10,275,2026031005057018,NIFRA,55,74,500,285.20,"142,600.00"
2026-03-10,276,2026031005056995,NIFRA,7,42,258,285.90,"73,762.20"
2026-03-10,277,2026031005057033,NIFRA,48,17,119,286.00,"34,034.00"
2026-03-10,278,2026031005057032,NIFRA,48,42,181,285.90,"51,747.90"
2026-03-10,279,2026031005057026,NIFRA,8,74,164,285.00,"46,740.00"
2026-03-10,280,2026031005057025,NIFRA,58,74,100,285.00,"28,500.00"
2026-03-10,281,2026031005057024,NIFRA,58,74,806,285.00,"229,710.00"
2026-03-10,282,2026031005057023,NIFRA,49,74,300,285.00,"85,500.00"
2026-03-10,283,2026031005057155,NRIC,34,52,64,"1,299.00","83,136.00"
2026-03-10,284,2026031005057154,NRIC,34,94,136,"1,290.00","175,440.00"
2026-03-10,285,2026031005057081,NRIC,1,94,500,"1,290.00","645,000.00"
2026-03-10,286,2026031005056923,NRIC,17,94,50,"1,290.00","64,500.00"
2026-03-10,287,2026031005056860,NRIC,7,94,103,"1,290.00","132,870.00"
2026-03-10,288,2026031005057077,NRM,42,16,68,446.00,"30,328.00"
2026-03-10,289,2026031005057076,NRM,58,16,57,446.00,"25,422.00"
2026-03-10,290,2026031005057075,NRM,41,16,25,446.10,"11,152.50"
2026-03-10,291,2026031005056946,NRM,58,38,113,446.00,"50,398.00"
2026-03-10,292,2026031005056945,NRM,42,38,75,446.10,"33,457.50"
2026-03-10,293,2026031005056944,NRM,22,38,25,447.00,"11,175.00"
2026-03-10,294,2026031005056943,NRM,57,38,32,447.00,"14,304.00"
2026-03-10,295,2026031005056885,NRM,57,35,300,447.00,"134,100.00"
2026-03-10,296,2026031005056884,NRM,57,52,230,447.00,"102,810.00"
2026-03-10,297,2026031005056827,NRM,58,52,10,447.00,"4,470.00"
2026-03-10,298,2026031005056829,NRN,53,42,10,"1,601.00","16,010.00"
2026-03-10,299,2026031005057052,NRN,4,17,55,"1,600.10","88,005.50"
2026-03-10,300,2026031005057051,NRN,53,17,90,"1,601.00","144,090.00"
2026-03-10,301,2026031005056957,NSIF2,26,4,"60,000",11.03,"661,800.00"
2026-03-10,302,2026031005056826,NSIF2,26,4,"84,300",11.03,"929,829.00"
2026-03-10,303,2026031005056825,NSIF2,26,34,"5,000",11.03,"55,150.00"
2026-03-10,304,2026031005056824,NSIF2,26,32,100,11.02,"1,102.00"
2026-03-10,305,2026031005056823,NSIF2,26,42,500,11.02,"5,510.00"
2026-03-10,306,2026031005056822,NSIF2,26,58,100,11.02,"1,102.00"
2026-03-10,307,2026031005056821,NSIF2,26,5,"10,000",11.02,"110,200.00"
2026-03-10,308,2026031005056951,NTC,21,4,11,900.00,"9,900.00"
2026-03-10,309,2026031005056880,NTC,1,4,75,900.00,"67,500.00"
2026-03-10,310,2026031005056879,NTC,1,58,55,900.00,"49,500.00"
2026-03-10,311,2026031005056878,NTC,1,57,10,900.00,"9,000.00"
2026-03-10,312,2026031005056877,NTC,1,21,100,900.00,"90,000.00"
2026-03-10,313,2026031005056876,NTC,1,58,10,900.00,"9,000.00"
2026-03-10,314,2026031005056774,NTC,48,58,120,900.00,"108,000.00"
2026-03-10,315,2026031005056773,NTC,48,6,80,899.90,"71,992.00"
2026-03-10,316,2026031005057113,PHCL,69,52,517,320.00,"165,440.00"
2026-03-10,317,2026031005057112,PHCL,69,49,"1,000",320.00,"320,000.00"
2026-03-10,318,2026031005057111,PHCL,69,41,100,320.00,"32,000.00"
2026-03-10,319,2026031005057110,PHCL,69,58,10,320.00,"3,200.00"
2026-03-10,320,2026031005057109,PHCL,69,57,200,320.00,"64,000.00"
2026-03-10,321,2026031005057108,PHCL,69,16,110,320.00,"35,200.00"
2026-03-10,322,2026031005056776,PHCL,45,11,125,318.00,"39,750.00"
2026-03-10,323,2026031005056971,PHCL,51,57,100,318.10,"31,810.00"
2026-03-10,324,2026031005056924,PHCL,62,74,526,318.00,"167,268.00"
2026-03-10,325,2026031005056917,PHCL,34,49,58,319.50,"18,531.00"
2026-03-10,326,2026031005056881,PHCL,62,4,10,318.00,"3,180.00"
2026-03-10,327,2026031005056778,PHCL,45,58,375,319.00,"119,625.00"
2026-03-10,328,2026031005056777,PHCL,45,52,500,318.90,"159,450.00"
2026-03-10,329,2026031005057107,PHCL,69,32,"2,391",320.00,"765,120.00"
2026-03-10,330,2026031005057106,PHCL,69,49,442,319.50,"141,219.00"
2026-03-10,331,2026031005057089,PHCL,56,58,5,319.00,"1,595.00"
2026-03-10,332,2026031005057028,PHCL,69,1,100,319.00,"31,900.00"
2026-03-10,333,2026031005057027,PHCL,69,34,130,319.00,"41,470.00"
2026-03-10,334,2026031005056972,PHCL,62,57,100,318.00,"31,800.00"
2026-03-10,335,2026031005057170,PPL,51,65,105,403.00,"42,315.00"
2026-03-10,336,2026031005057169,PPL,45,65,100,403.00,"40,300.00"
2026-03-10,337,2026031005057168,PPL,38,65,100,403.00,"40,300.00"
2026-03-10,338,2026031005057167,PPL,77,65,555,403.00,"223,665.00"
2026-03-10,339,2026031005057166,PPL,25,65,500,403.10,"201,550.00"
2026-03-10,340,2026031005057165,PPL,49,65,460,403.10,"185,426.00"
2026-03-10,341,2026031005056994,PPL,49,36,40,403.10,"16,124.00"
2026-03-10,342,2026031005056949,PPL,54,60,50,404.00,"20,200.00"
2026-03-10,343,2026031005056897,PPL,77,57,100,403.00,"40,300.00"
2026-03-10,344,2026031005057088,RAWA,48,74,60,752.00,"45,120.00"
2026-03-10,345,2026031005057087,RAWA,48,47,100,751.90,"75,190.00"
2026-03-10,346,2026031005057251,RFPL,32,10,200,418.00,"83,600.00"
2026-03-10,347,2026031005057161,RFPL,58,10,10,418.00,"4,180.00"
2026-03-10,348,2026031005057073,RFPL,57,10,500,418.00,"209,000.00"
2026-03-10,349,2026031005056925,RFPL,48,10,45,418.00,"18,810.00"
2026-03-10,350,2026031005057062,RHGCL,42,36,100,299.50,"29,950.00"
2026-03-10,351,2026031005056928,RHGCL,6,20,10,299.90,"2,999.00"
2026-03-10,352,2026031005056848,RHGCL,39,45,10,298.30,"2,983.00"
2026-03-10,353,2026031005056771,RHGCL,6,20,10,299.90,"2,999.00"
2026-03-10,354,2026031005056770,RHGCL,6,29,30,299.00,"8,970.00"
2026-03-10,355,2026031005057163,RNLI,58,8,10,503.10,"5,031.00"
2026-03-10,356,2026031005057072,RNLI,6,45,12,500.00,"6,000.00"
2026-03-10,357,2026031005057055,RNLI,51,45,10,503.90,"5,039.00"
2026-03-10,358,2026031005056832,RNLI,16,42,"2,000",503.80,"1,007,600.00"
2026-03-10,359,2026031005056831,RNLI,16,39,10,502.00,"5,020.00"
2026-03-10,360,2026031005056830,RNLI,16,44,12,502.00,"6,024.00"
2026-03-10,361,2026031005056834,RNLI,16,45,"1,968",503.90,"991,675.20"
2026-03-10,362,2026031005056833,RNLI,16,26,10,503.80,"5,038.00"
2026-03-10,363,2026031005057178,SAHAS,34,33,19,625.10,"11,876.90"
2026-03-10,364,2026031005057177,SAHAS,74,33,81,625.10,"50,633.10"
2026-03-10,365,2026031005057093,SAHAS,52,49,7,626.00,"4,382.00"
2026-03-10,366,2026031005057092,SAHAS,39,49,123,626.00,"76,998.00"
2026-03-10,367,2026031005057091,SAHAS,39,17,77,626.00,"48,202.00"
2026-03-10,368,2026031005057003,SAHAS,44,17,159,626.00,"99,534.00"
2026-03-10,369,2026031005056913,SAHAS,38,17,64,626.00,"40,064.00"
2026-03-10,370,2026031005057243,SANVI,14,41,10,859.00,"8,590.00"
2026-03-10,371,2026031005057235,SANVI,77,41,26,859.00,"22,334.00"
2026-03-10,372,2026031005057134,SANVI,42,94,50,860.00,"43,000.00"
2026-03-10,373,2026031005057017,SBCF,45,58,100,9.90,990.00
2026-03-10,374,2026031005057016,SBCF,45,58,"1,000",9.90,"9,900.00"
2026-03-10,375,2026031005057207,SEF,17,43,600,9.90,"5,940.00"
2026-03-10,376,2026031005057030,SFMF,42,14,"2,000",10.26,"20,520.00"
2026-03-10,377,2026031005056967,SGHC,21,36,10,421.00,"4,210.00"
2026-03-10,378,2026031005057233,SHIVM,35,35,10,670.00,"6,700.00"
2026-03-10,379,2026031005057231,SHIVM,14,34,285,663.10,"188,983.50"
2026-03-10,380,2026031005057230,SHIVM,42,34,100,663.20,"66,320.00"
2026-03-10,381,2026031005057229,SHIVM,14,34,415,667.00,"276,805.00"
2026-03-10,382,2026031005057223,SHIVM,50,35,10,670.00,"6,700.00"
2026-03-10,383,2026031005057221,SHIVM,48,35,279,670.00,"186,930.00"
2026-03-10,384,2026031005056840,SHIVM,48,36,170,664.00,"112,880.00"
2026-03-10,385,2026031005056990,SHIVM,14,38,158,663.10,"104,769.80"
2026-03-10,386,2026031005056932,SHIVM,74,49,300,664.00,"199,200.00"
2026-03-10,387,2026031005056931,SHIVM,51,49,10,664.00,"6,640.00"
2026-03-10,388,2026031005056890,SHIVM,51,32,20,664.00,"13,280.00"
2026-03-10,389,2026031005056889,SHIVM,51,45,70,664.00,"46,480.00"
2026-03-10,390,2026031005056888,SHIVM,48,45,30,664.00,"19,920.00"
2026-03-10,391,2026031005057137,SHIVM,14,52,20,665.00,"13,300.00"
2026-03-10,392,2026031005057136,SHIVM,14,58,150,665.00,"99,750.00"
2026-03-10,393,2026031005057135,SHIVM,14,45,246,665.00,"163,590.00"
2026-03-10,394,2026031005057061,SHIVM,53,45,10,665.00,"6,650.00"
2026-03-10,395,2026031005057060,SHIVM,53,18,100,664.00,"66,400.00"
2026-03-10,396,2026031005057059,SHIVM,53,49,190,664.00,"126,160.00"
2026-03-10,397,2026031005057143,SHIVM,14,54,537,667.00,"358,179.00"
2026-03-10,398,2026031005057142,SHIVM,14,52,465,667.00,"310,155.00"
2026-03-10,399,2026031005057141,SHIVM,14,33,"1,000",667.00,"667,000.00"
2026-03-10,400,2026031005057140,SHIVM,14,58,52,667.00,"34,684.00"
2026-03-10,401,2026031005057139,SHIVM,14,32,35,667.00,"23,345.00"
2026-03-10,402,2026031005057138,SHIVM,14,39,80,665.00,"53,200.00"
2026-03-10,403,2026031005057214,SHIVM,48,58,20,669.80,"13,396.00"
2026-03-10,404,2026031005057213,SHIVM,48,81,390,669.00,"260,910.00"
2026-03-10,405,2026031005057212,SHIVM,48,81,521,669.00,"348,549.00"
2026-03-10,406,2026031005057211,SHIVM,48,4,50,669.00,"33,450.00"
2026-03-10,407,2026031005057210,SHIVM,48,49,400,668.50,"267,400.00"
2026-03-10,408,2026031005057209,SHIVM,48,72,500,668.00,"334,000.00"
2026-03-10,409,2026031005057220,SHIVM,48,67,100,670.00,"67,000.00"
2026-03-10,410,2026031005057219,SHIVM,48,96,150,670.00,"100,500.00"
2026-03-10,411,2026031005057218,SHIVM,48,40,80,670.00,"53,600.00"
2026-03-10,412,2026031005057217,SHIVM,48,45,100,670.00,"67,000.00"
2026-03-10,413,2026031005057216,SHIVM,48,43,410,670.00,"274,700.00"
2026-03-10,414,2026031005057215,SHIVM,48,13,200,669.90,"133,980.00"
2026-03-10,415,2026031005056851,SIKLES,38,58,272,648.30,"176,337.60"
2026-03-10,416,2026031005056850,SIKLES,38,32,28,647.70,"18,135.60"
2026-03-10,417,2026031005057232,SMATA,62,35,11,834.90,"9,183.90"
2026-03-10,418,2026031005056988,SMATA,42,32,43,830.00,"35,690.00"
2026-03-10,419,2026031005056987,SMATA,16,32,50,830.00,"41,500.00"
2026-03-10,420,2026031005056986,SMATA,43,32,10,830.00,"8,300.00"
2026-03-10,421,2026031005056985,SMATA,49,32,19,830.00,"15,770.00"
2026-03-10,422,2026031005056984,SMATA,39,32,83,831.00,"68,973.00"
2026-03-10,423,2026031005056983,SMATA,96,32,10,831.10,"8,311.00"
2026-03-10,424,2026031005056982,SMATA,54,32,20,831.10,"16,622.00"
2026-03-10,425,2026031005056981,SMATA,58,32,20,831.20,"16,624.00"
2026-03-10,426,2026031005057250,SMH,45,90,10,660.00,"6,600.00"
2026-03-10,427,2026031005057048,SMH,57,90,10,660.00,"6,600.00"
2026-03-10,428,2026031005056993,SMHL,45,34,50,495.00,"24,750.00"
2026-03-10,429,2026031005056992,SMHL,45,49,147,495.00,"72,765.00"
2026-03-10,430,2026031005056991,SMHL,45,13,259,494.90,"128,179.10"
2026-03-10,431,2026031005056935,SMHL,34,47,200,494.30,"98,860.00"
2026-03-10,432,2026031005056933,SMHL,62,47,150,494.30,"74,145.00"
2026-03-10,433,2026031005056926,SMHL,42,47,10,494.30,"4,943.00"
2026-03-10,434,2026031005056908,SMHL,57,47,200,494.30,"98,860.00"
2026-03-10,435,2026031005056768,SMHL,19,13,50,494.90,"24,745.00"
2026-03-10,436,2026031005056766,SMHL,42,13,50,494.90,"24,745.00"
2026-03-10,437,2026031005057133,SMJC,40,35,10,499.00,"4,990.00"
2026-03-10,438,2026031005056895,SMJC,58,50,270,500.00,"135,000.00"
2026-03-10,439,2026031005056849,SMJC,40,25,776,499.00,"387,224.00"
2026-03-10,440,2026031005056838,SMJC,65,50,90,500.00,"45,000.00"
2026-03-10,441,2026031005056837,SMJC,65,49,260,500.00,"130,000.00"
2026-03-10,442,2026031005057240,SONA,35,59,10,451.00,"4,510.00"
2026-03-10,443,2026031005057196,SONA,59,59,105,451.00,"47,355.00"
2026-03-10,444,2026031005057002,SONA,59,25,10,451.00,"4,510.00"
2026-03-10,445,2026031005057001,SONA,59,22,10,451.00,"4,510.00"
2026-03-10,446,2026031005057000,SONA,59,32,50,451.00,"22,550.00"
2026-03-10,447,2026031005056999,SONA,59,29,25,449.90,"11,247.50"
2026-03-10,448,2026031005056863,SONA,29,7,90,450.10,"40,509.00"
2026-03-10,449,2026031005056765,SONA,29,58,10,450.10,"4,501.00"
2026-03-10,450,2026031005056976,SONA,62,29,95,450.00,"42,750.00"
2026-03-10,451,2026031005056961,SONA,62,26,100,450.00,"45,000.00"
2026-03-10,452,2026031005056907,SONA,62,52,305,450.00,"137,250.00"
2026-03-10,453,2026031005056898,SONA,62,94,500,450.00,"225,000.00"
2026-03-10,454,2026031005056865,SONA,59,7,200,450.00,"90,000.00"
2026-03-10,455,2026031005056864,SONA,29,7,500,450.10,"225,050.00"
2026-03-10,456,2026031005057083,SPC,67,38,41,518.90,"21,274.90"
2026-03-10,457,2026031005057246,SPL,48,10,10,745.00,"7,450.00"
2026-03-10,458,2026031005056989,SPL,77,10,249,737.00,"183,513.00"
2026-03-10,459,2026031005056836,SPL,55,10,20,737.00,"14,740.00"
2026-03-10,460,2026031005057241,STC,60,66,10,"6,204.90","62,049.00"
2026-03-10,461,2026031005057200,TAMOR,57,41,10,440.00,"4,400.00"
2026-03-10,462,2026031005057199,TAMOR,57,45,100,440.00,"44,000.00"
2026-03-10,463,2026031005057031,TAMOR,57,45,390,440.00,"171,600.00"
2026-03-10,464,2026031005057162,TPC,3,34,50,405.00,"20,250.00"
2026-03-10,465,2026031005057144,TPC,74,16,500,404.00,"202,000.00"
2026-03-10,466,2026031005056948,TPC,34,14,150,404.00,"60,600.00"
2026-03-10,467,2026031005056767,TPC,52,14,15,404.00,"6,060.00"
2026-03-10,468,2026031005057194,TSHL,70,28,200,875.00,"175,000.00"
2026-03-10,469,2026031005057193,TSHL,70,28,380,872.00,"331,360.00"
2026-03-10,470,2026031005057192,TSHL,70,56,50,870.00,"43,500.00"
2026-03-10,471,2026031005057191,TSHL,70,28,50,858.00,"42,900.00"
2026-03-10,472,2026031005057190,TSHL,70,34,27,858.00,"23,166.00"
2026-03-10,473,2026031005057189,TSHL,70,13,200,828.20,"165,640.00"
2026-03-10,474,2026031005057182,TSHL,70,42,"1,000",820.00,"820,000.00"
2026-03-10,475,2026031005057181,TSHL,70,48,310,815.00,"252,650.00"
2026-03-10,476,2026031005057180,TSHL,70,41,"1,000",815.00,"815,000.00"
2026-03-10,477,2026031005057179,TSHL,70,81,100,812.00,"81,200.00"
2026-03-10,478,2026031005057188,TSHL,70,41,471,824.60,"388,386.60"
2026-03-10,479,2026031005057187,TSHL,70,34,200,824.10,"164,820.00"
2026-03-10,480,2026031005057186,TSHL,70,34,20,824.00,"16,480.00"
2026-03-10,481,2026031005057185,TSHL,70,81,200,824.00,"164,800.00"
2026-03-10,482,2026031005057184,TSHL,70,42,300,824.00,"247,200.00"
2026-03-10,483,2026031005057183,TSHL,70,39,20,824.00,"16,480.00"
2026-03-10,484,2026031005057201,TVCL,69,51,10,643.00,"6,430.00"
2026-03-10,485,2026031005057037,TVCL,34,34,10,644.00,"6,440.00"
2026-03-10,486,2026031005057015,ULHC,49,57,140,570.00,"79,800.00"
2026-03-10,487,2026031005056900,ULHC,17,39,100,570.10,"57,010.00"
2026-03-10,488,2026031005057236,USHEC,94,5,200,500.00,"100,000.00"
2026-03-10,489,2026031005057151,USHEC,94,36,171,500.00,"85,500.00"
2026-03-10,490,2026031005057150,USHEC,49,36,29,500.00,"14,500.00"
2026-03-10,491,2026031005056894,USHEC,62,91,50,502.00,"25,100.00"
2026-03-10,492,2026031005057034,USHL,34,49,10,768.90,"7,689.00"
2026-03-10,493,2026031005056892,USHL,58,7,11,756.20,"8,318.20"
2026-03-10,494,2026031005056891,USHL,74,7,19,768.80,"14,607.20"
2026-03-10,495,2026031005057070,VLUCL,32,35,100,583.10,"58,310.00"
2026-03-10,496,2026031005057056,VLUCL,34,29,28,584.00,"16,352.00"
2026-03-10,497,2026031005056964,VLUCL,41,33,10,584.90,"5,849.00"
2026-03-10,498,2026031005056927,VLUCL,35,33,10,584.90,"5,849.00"
2026-03-10,499,2026031005056904,VLUCL,32,33,10,584.90,"5,849.00"
2026-03-10,500,2026031005056847,VLUCL,34,85,250,584.00,"146,000.00"
2026-03-10,501,2026031005056484,AHL,57,34,30,538.00,"16,140.00"
2026-03-10,502,2026031005056336,AHL,57,54,100,538.00,"53,800.00"
2026-03-10,503,2026031005056529,BBC,58,60,10,"4,889.00","48,890.00"
2026-03-10,504,2026031005056528,BBC,58,75,10,"4,885.00","48,850.00"
2026-03-10,505,2026031005056469,BGWT,42,4,317,779.00,"246,943.00"
2026-03-10,506,2026031005056468,BGWT,42,4,625,779.00,"486,875.00"
2026-03-10,507,2026031005056467,BGWT,38,4,17,779.00,"13,243.00"
2026-03-10,508,2026031005056466,BGWT,1,4,200,780.00,"156,000.00"
2026-03-10,509,2026031005056465,BGWT,6,4,31,780.20,"24,186.20"
2026-03-10,510,2026031005056464,BGWT,75,4,10,781.00,"7,810.00"
2026-03-10,511,2026031005056655,BHDC,33,45,10,504.70,"5,047.00"
2026-03-10,512,2026031005056452,BHDC,56,42,68,506.00,"34,408.00"
2026-03-10,513,2026031005056451,BHDC,56,14,150,505.90,"75,885.00"
2026-03-10,514,2026031005056450,BHDC,56,39,100,505.50,"50,550.00"
2026-03-10,515,2026031005056449,BHDC,56,10,82,505.00,"41,410.00"
2026-03-10,516,2026031005056737,BHL,59,48,268,221.70,"59,415.60"
2026-03-10,517,2026031005056736,BHL,41,48,45,221.70,"9,976.50"
2026-03-10,518,2026031005056735,BHL,49,48,150,221.80,"33,270.00"
2026-03-10,519,2026031005056734,BHL,58,48,37,221.80,"8,206.60"
2026-03-10,520,2026031005056733,BHL,58,43,10,222.00,"2,220.00"
2026-03-10,521,2026031005056670,BHL,28,58,110,222.50,"24,475.00"
2026-03-10,522,2026031005056271,BHL,49,29,91,222.00,"20,202.00"
2026-03-10,523,2026031005056453,BHL,58,49,11,222.00,"2,442.00"
2026-03-10,524,2026031005056409,BHL,50,49,300,222.00,"66,600.00"
2026-03-10,525,2026031005056311,BHL,56,49,239,222.00,"53,058.00"
2026-03-10,526,2026031005056310,BHL,56,21,10,222.00,"2,220.00"
2026-03-10,527,2026031005056309,BHL,56,41,41,222.00,"9,102.00"
2026-03-10,528,2026031005056272,BHL,49,41,159,222.00,"35,298.00"
2026-03-10,529,2026031005056570,BHL,49,49,37,222.00,"8,214.00"
2026-03-10,530,2026031005056553,BHL,49,58,50,222.00,"11,100.00"
2026-03-10,531,2026031005056552,BHL,49,53,113,222.00,"25,086.00"
2026-03-10,532,2026031005056546,BHL,57,53,48,222.00,"10,656.00"
2026-03-10,533,2026031005056545,BHL,57,54,52,222.00,"11,544.00"
2026-03-10,534,2026031005056454,BHL,58,54,39,222.00,"8,658.00"
2026-03-10,535,2026031005056669,BHL,28,43,90,222.50,"20,025.00"
2026-03-10,536,2026031005056668,BHL,28,48,100,222.40,"22,240.00"
2026-03-10,537,2026031005056667,BHL,28,57,100,222.00,"22,200.00"
2026-03-10,538,2026031005056613,BHL,58,34,13,221.80,"2,883.40"
2026-03-10,539,2026031005056612,BHL,45,34,987,222.00,"219,114.00"
2026-03-10,540,2026031005056611,BHL,45,49,13,222.00,"2,886.00"
2026-03-10,541,2026031005056617,BHPL,54,97,100,590.00,"59,000.00"
2026-03-10,542,2026031005056592,BHPL,42,97,16,590.00,"9,440.00"
2026-03-10,543,2026031005056591,BHPL,42,97,84,590.00,"49,560.00"
2026-03-10,544,2026031005056357,BHPL,34,97,400,590.00,"236,000.00"
2026-03-10,545,2026031005056692,BNHC,35,58,26,380.00,"9,880.00"
2026-03-10,546,2026031005056646,BNHC,35,48,65,380.00,"24,700.00"
2026-03-10,547,2026031005056610,BNHC,42,48,285,380.00,"108,300.00"
2026-03-10,548,2026031005056609,BNHC,1,48,150,380.10,"57,015.00"
2026-03-10,549,2026031005056548,BNHC,55,49,200,380.50,"76,100.00"
2026-03-10,550,2026031005056361,BNHC,42,22,15,380.00,"5,700.00"
2026-03-10,551,2026031005056360,BNHC,38,22,135,380.00,"51,300.00"
2026-03-10,552,2026031005056720,CHDC,64,36,16,"2,609.00","41,744.00"
2026-03-10,553,2026031005056461,CHDC,56,43,12,"2,605.00","31,260.00"
2026-03-10,554,2026031005056460,CHDC,16,43,200,"2,607.10","521,420.00"
2026-03-10,555,2026031005056459,CHDC,32,43,78,"2,609.00","203,502.00"
2026-03-10,556,2026031005056458,CHDC,14,43,10,"2,609.10","26,091.00"
2026-03-10,557,2026031005056371,CHDC,32,22,22,"2,609.00","57,398.00"
2026-03-10,558,2026031005056606,CKHL,58,29,50,728.00,"36,400.00"
2026-03-10,559,2026031005056635,CLI,52,65,181,496.00,"89,776.00"
2026-03-10,560,2026031005056634,CLI,52,51,13,495.50,"6,441.50"
2026-03-10,561,2026031005056410,CLI,38,41,13,495.00,"6,435.00"
2026-03-10,562,2026031005056343,CLI,56,65,90,496.00,"44,640.00"
2026-03-10,563,2026031005056342,CLI,56,39,10,495.60,"4,956.00"
2026-03-10,564,2026031005056302,CMF2,32,4,"2,960",10.32,"30,547.20"
2026-03-10,565,2026031005056301,CMF2,32,4,"2,830",10.33,"29,233.90"
2026-03-10,566,2026031005056300,CMF2,6,4,"1,551",10.34,"16,037.34"
2026-03-10,567,2026031005056293,DOLTI,33,32,10,525.00,"5,250.00"
2026-03-10,568,2026031005056747,DORDI,41,60,30,296.00,"8,880.00"
2026-03-10,569,2026031005056746,DORDI,41,20,100,296.00,"29,600.00"
2026-03-10,570,2026031005056745,DORDI,41,29,170,296.00,"50,320.00"
2026-03-10,571,2026031005056691,DORDI,56,81,"1,910",295.00,"563,450.00"
2026-03-10,572,2026031005056690,DORDI,10,81,40,295.00,"11,800.00"
2026-03-10,573,2026031005056689,DORDI,18,81,100,295.10,"29,510.00"
2026-03-10,574,2026031005056338,DORDI,43,25,80,296.50,"23,720.00"
2026-03-10,575,2026031005056524,DORDI,34,29,300,296.00,"88,800.00"
2026-03-10,576,2026031005056407,DORDI,58,29,40,296.00,"11,840.00"
2026-03-10,577,2026031005056406,DORDI,22,29,90,296.00,"26,640.00"
2026-03-10,578,2026031005056405,DORDI,58,29,100,296.00,"29,600.00"
2026-03-10,579,2026031005056619,DORDI,43,29,200,296.00,"59,200.00"
2026-03-10,580,2026031005056544,DORDI,58,29,100,296.00,"29,600.00"
2026-03-10,581,2026031005056688,DORDI,36,81,350,295.20,"103,320.00"
2026-03-10,582,2026031005056687,DORDI,1,81,600,295.30,"177,180.00"
2026-03-10,583,2026031005056681,EHPL,41,4,13,435.00,"5,655.00"
2026-03-10,584,2026031005056680,EHPL,41,7,200,434.90,"86,980.00"
2026-03-10,585,2026031005056679,EHPL,41,70,87,434.50,"37,801.50"
2026-03-10,586,2026031005056356,EHPL,57,70,13,434.50,"5,648.50"
2026-03-10,587,2026031005056275,EHPL,90,38,200,432.20,"86,440.00"
2026-03-10,588,2026031005056274,EHPL,42,38,300,432.30,"129,690.00"
2026-03-10,589,2026031005056753,GCIL,64,8,10,447.80,"4,478.00"
2026-03-10,590,2026031005056489,GCIL,49,42,480,445.00,"213,600.00"
2026-03-10,591,2026031005056488,GCIL,49,29,800,444.90,"355,920.00"
2026-03-10,592,2026031005056487,GCIL,49,38,200,443.00,"88,600.00"
2026-03-10,593,2026031005056492,GCIL,49,8,66,445.00,"29,370.00"
2026-03-10,594,2026031005056491,GCIL,49,42,529,445.00,"235,405.00"
2026-03-10,595,2026031005056490,GCIL,49,58,25,445.00,"11,125.00"
2026-03-10,596,2026031005056677,GVL,59,42,574,519.70,"298,307.80"
2026-03-10,597,2026031005056387,GVL,22,89,200,519.00,"103,800.00"
2026-03-10,598,2026031005056325,GVL,22,4,27,519.00,"14,013.00"
2026-03-10,599,2026031005056324,GVL,44,4,200,519.00,"103,800.00"
2026-03-10,600,2026031005056323,GVL,21,4,84,519.00,"43,596.00"
2026-03-10,601,2026031005056322,GVL,74,4,189,519.10,"98,109.90"
2026-03-10,602,2026031005056501,GVL,47,42,50,519.70,"25,985.00"
2026-03-10,603,2026031005056447,GVL,58,42,979,519.70,"508,786.30"
2026-03-10,604,2026031005056446,GVL,58,17,10,519.70,"5,197.00"
2026-03-10,605,2026031005056425,GVL,58,49,89,519.00,"46,191.00"
2026-03-10,606,2026031005056413,GVL,42,49,190,519.00,"98,610.00"
2026-03-10,607,2026031005056412,GVL,22,49,21,519.00,"10,899.00"
2026-03-10,608,2026031005056328,HATHY,65,5,200,972.00,"194,400.00"
2026-03-10,609,2026031005056752,HDL,47,35,100,"1,228.00","122,800.00"
2026-03-10,610,2026031005056710,HDL,45,58,14,"1,227.00","17,178.00"
2026-03-10,611,2026031005056708,HDL,45,6,158,"1,227.00","193,866.00"
2026-03-10,612,2026031005056707,HDL,14,6,32,"1,227.00","39,264.00"
2026-03-10,613,2026031005056706,HDL,58,6,10,"1,227.00","12,270.00"
2026-03-10,614,2026031005056303,HDL,71,33,921,"1,227.00","1,130,067.00"
2026-03-10,615,2026031005056291,HDL,42,57,200,"1,226.00","245,200.00"
2026-03-10,616,2026031005056264,HDL,42,67,20,"1,226.00","24,520.00"
2026-03-10,617,2026031005056321,HDL,71,17,45,"1,227.00","55,215.00"
2026-03-10,618,2026031005056308,HDL,71,21,10,"1,227.00","12,270.00"
2026-03-10,619,2026031005056305,HDL,71,26,100,"1,227.00","122,700.00"
2026-03-10,620,2026031005056304,HDL,71,54,100,"1,227.00","122,700.00"
2026-03-10,621,2026031005056475,HDL,71,90,50,"1,227.00","61,350.00"
2026-03-10,622,2026031005056411,HDL,71,42,200,"1,227.00","245,400.00"
2026-03-10,623,2026031005056518,HDL,49,35,100,"1,228.00","122,800.00"
2026-03-10,624,2026031005056508,HDL,71,16,50,"1,227.00","61,350.00"
2026-03-10,625,2026031005056502,HDL,71,58,134,"1,227.00","164,418.00"
2026-03-10,626,2026031005056630,HDL,58,39,20,"1,227.00","24,540.00"
2026-03-10,627,2026031005056627,HDL,49,35,38,"1,228.00","46,664.00"
2026-03-10,628,2026031005056621,HDL,92,35,200,"1,228.00","245,600.00"
2026-03-10,629,2026031005056586,HDL,71,42,319,"1,227.00","391,413.00"
2026-03-10,630,2026031005056541,HDL,71,59,71,"1,227.00","87,117.00"
2026-03-10,631,2026031005056721,HHL,58,70,10,363.80,"3,638.00"
2026-03-10,632,2026031005056652,HHL,55,34,70,363.90,"25,473.00"
2026-03-10,633,2026031005056605,HHL,16,34,30,363.90,"10,917.00"
2026-03-10,634,2026031005056383,HHL,42,8,71,362.10,"25,709.10"
2026-03-10,635,2026031005056654,HIDCL,60,13,10,291.00,"2,910.00"
2026-03-10,636,2026031005056626,HIDCL,77,26,230,290.40,"66,792.00"
2026-03-10,637,2026031005056539,HIDCL,34,13,28,291.00,"8,148.00"
2026-03-10,638,2026031005056538,HIDCL,34,45,100,291.00,"29,100.00"
2026-03-10,639,2026031005056537,HIDCL,34,49,100,291.00,"29,100.00"
2026-03-10,640,2026031005056536,HIDCL,34,17,125,290.70,"36,337.50"
2026-03-10,641,2026031005056335,HIDCL,97,48,140,290.00,"40,600.00"
2026-03-10,642,2026031005056307,HIDCL,95,39,340,290.20,"98,668.00"
2026-03-10,643,2026031005056292,HIDCL,97,26,200,290.00,"58,000.00"
2026-03-10,644,2026031005056270,HIDCL,97,33,500,290.00,"145,000.00"
2026-03-10,645,2026031005056268,HIDCL,97,50,300,290.00,"87,000.00"
2026-03-10,646,2026031005056514,HIDCL,58,50,910,290.30,"264,173.00"
2026-03-10,647,2026031005056434,HIDCL,58,99,"1,000",290.30,"290,300.00"
2026-03-10,648,2026031005056433,HIDCL,58,58,56,290.30,"16,256.80"
2026-03-10,649,2026031005056432,HIDCL,58,67,34,290.30,"9,870.20"
2026-03-10,650,2026031005056418,HIDCL,42,39,151,290.20,"43,820.20"
2026-03-10,651,2026031005056404,HIDCL,97,25,100,290.00,"29,000.00"
2026-03-10,652,2026031005056535,HIDCL,34,58,70,290.70,"20,349.00"
2026-03-10,653,2026031005056534,HIDCL,34,28,150,290.50,"43,575.00"
2026-03-10,654,2026031005056533,HIDCL,34,56,100,290.50,"29,050.00"
2026-03-10,655,2026031005056532,HIDCL,34,11,827,290.50,"240,243.50"
2026-03-10,656,2026031005056530,HIDCL,60,11,10,290.50,"2,905.00"
2026-03-10,657,2026031005056515,HIDCL,42,50,90,290.20,"26,118.00"
2026-03-10,658,2026031005056763,HRL,8,34,10,906.00,"9,060.00"
2026-03-10,659,2026031005056750,HRL,8,58,20,906.00,"18,120.00"
2026-03-10,660,2026031005056749,HRL,8,91,235,906.00,"212,910.00"
2026-03-10,661,2026031005056741,HRL,44,91,132,906.00,"119,592.00"
2026-03-10,662,2026031005056595,HRL,41,51,10,905.10,"9,051.00"
2026-03-10,663,2026031005056590,HRL,53,91,288,906.00,"260,928.00"
2026-03-10,664,2026031005056281,HRL,94,34,100,906.00,"90,600.00"
2026-03-10,665,2026031005056269,HRL,94,58,50,906.00,"45,300.00"
2026-03-10,666,2026031005056390,HRL,8,94,140,906.00,"126,840.00"
2026-03-10,667,2026031005056368,HRL,64,57,150,906.50,"135,975.00"
2026-03-10,668,2026031005056362,HRL,8,41,10,906.00,"9,060.00"
2026-03-10,669,2026031005056341,HRL,8,62,50,906.00,"45,300.00"
2026-03-10,670,2026031005056320,HRL,8,94,150,906.00,"135,900.00"
2026-03-10,671,2026031005056319,HRL,94,94,350,906.00,"317,100.00"
2026-03-10,672,2026031005056396,HRL,48,94,246,905.00,"222,630.00"
2026-03-10,673,2026031005056395,HRL,80,94,50,905.10,"45,255.00"
2026-03-10,674,2026031005056394,HRL,57,94,50,905.20,"45,260.00"
2026-03-10,675,2026031005056393,HRL,48,94,100,905.30,"90,530.00"
2026-03-10,676,2026031005056392,HRL,39,94,24,905.40,"21,729.60"
2026-03-10,677,2026031005056391,HRL,57,94,390,905.50,"353,145.00"
2026-03-10,678,2026031005056463,HRL,34,38,100,906.50,"90,650.00"
2026-03-10,679,2026031005056429,HRL,14,7,62,907.00,"56,234.00"
2026-03-10,680,2026031005056428,HRL,14,58,10,906.00,"9,060.00"
2026-03-10,681,2026031005056427,HRL,14,7,178,906.00,"161,268.00"
2026-03-10,682,2026031005056589,HRL,53,38,112,906.00,"101,472.00"
2026-03-10,683,2026031005056531,HRL,49,38,80,906.00,"72,480.00"
2026-03-10,684,2026031005056526,HRL,58,7,10,905.10,"9,051.00"
2026-03-10,685,2026031005056675,IHL,44,52,72,538.00,"38,736.00"
2026-03-10,686,2026031005056674,IHL,44,75,28,532.00,"14,896.00"
2026-03-10,687,2026031005056651,IHL,17,75,60,532.00,"31,920.00"
2026-03-10,688,2026031005056549,IHL,17,25,240,532.00,"127,680.00"
2026-03-10,689,2026031005056718,ILI,1,62,10,466.00,"4,660.00"
2026-03-10,690,2026031005056565,ILI,14,51,50,462.10,"23,105.00"
2026-03-10,691,2026031005056762,KBSH,42,34,10,"1,716.60","17,166.00"
2026-03-10,692,2026031005056754,MANDU,34,57,100,850.00,"85,000.00"
2026-03-10,693,2026031005056740,MBJC,48,45,10,307.20,"3,072.00"
2026-03-10,694,2026031005056423,MBJC,58,62,50,307.30,"15,365.00"
2026-03-10,695,2026031005056422,MBJC,58,40,10,307.30,"3,073.00"
2026-03-10,696,2026031005056294,MBJC,38,66,"1,137",307.00,"349,059.00"
2026-03-10,697,2026031005056625,MCHL,39,57,495,435.00,"215,325.00"
2026-03-10,698,2026031005056624,MCHL,5,57,170,436.00,"74,120.00"
2026-03-10,699,2026031005056445,MCHL,5,6,330,436.00,"143,880.00"
2026-03-10,700,2026031005056444,MCHL,42,6,20,436.00,"8,720.00"
2026-03-10,701,2026031005056443,MCHL,13,6,150,436.10,"65,415.00"
2026-03-10,702,2026031005056520,MEL,21,49,10,302.00,"3,020.00"
2026-03-10,703,2026031005056519,MEL,21,6,10,302.00,"3,020.00"
2026-03-10,704,2026031005056588,MEL,55,74,10,303.00,"3,030.00"
2026-03-10,705,2026031005056587,MEL,55,52,10,302.10,"3,021.00"
2026-03-10,706,2026031005056521,MEL,21,21,10,302.00,"3,020.00"
2026-03-10,707,2026031005056367,MHCL,7,6,100,392.00,"39,200.00"
2026-03-10,708,2026031005056366,MHCL,7,65,100,391.90,"39,190.00"
2026-03-10,709,2026031005056751,MHL,34,58,1,531.20,531.20
2026-03-10,710,2026031005056564,MHL,59,4,170,537.20,"91,324.00"
2026-03-10,711,2026031005056563,MHL,42,4,130,537.30,"69,849.00"
2026-03-10,712,2026031005056562,MHL,29,4,200,537.40,"107,480.00"
2026-03-10,713,2026031005056686,MHL,48,89,80,537.00,"42,960.00"
2026-03-10,714,2026031005056685,MHL,36,89,100,537.00,"53,700.00"
2026-03-10,715,2026031005056684,MHL,59,89,20,537.20,"10,744.00"
2026-03-10,716,2026031005056618,MHL,59,4,10,537.20,"5,372.00"
2026-03-10,717,2026031005056732,MKHC,95,6,37,341.20,"12,624.40"
2026-03-10,718,2026031005056731,MKHC,47,6,50,341.20,"17,060.00"
2026-03-10,719,2026031005056730,MKHC,35,6,30,342.00,"10,260.00"
2026-03-10,720,2026031005056729,MKHC,74,6,500,342.20,"171,100.00"
2026-03-10,721,2026031005056728,MKHC,42,6,15,342.20,"5,133.00"
2026-03-10,722,2026031005056289,MKHC,58,40,200,344.60,"68,920.00"
2026-03-10,723,2026031005056288,MKHC,58,51,100,344.50,"34,450.00"
2026-03-10,724,2026031005056287,MKHC,58,40,400,344.50,"137,800.00"
2026-03-10,725,2026031005056286,MKHC,58,51,285,344.00,"98,040.00"
2026-03-10,726,2026031005056389,MKHC,44,75,25,344.70,"8,617.50"
2026-03-10,727,2026031005056388,MKHC,44,7,75,344.70,"25,852.50"
2026-03-10,728,2026031005056290,MKHC,58,7,15,344.70,"5,170.50"
2026-03-10,729,2026031005056727,MKHC,52,6,145,342.50,"49,662.50"
2026-03-10,730,2026031005056726,MKHC,42,6,223,343.00,"76,489.00"
2026-03-10,731,2026031005056509,MKHL,56,17,360,822.00,"295,920.00"
2026-03-10,732,2026031005056738,MKJC,21,77,50,549.00,"27,450.00"
2026-03-10,733,2026031005056696,MKJC,52,77,500,549.00,"274,500.00"
2026-03-10,734,2026031005056695,MKJC,41,77,50,549.00,"27,450.00"
2026-03-10,735,2026031005056694,MKJC,19,77,100,549.00,"54,900.00"
2026-03-10,736,2026031005056527,MKJC,1,58,10,549.00,"5,490.00"
2026-03-10,737,2026031005056370,MKJC,44,48,25,550.00,"13,750.00"
2026-03-10,738,2026031005056547,MMF1,48,35,100,9.55,955.00
2026-03-10,739,2026031005056339,MMF1,48,11,100,9.57,957.00
2026-03-10,740,2026031005056513,MMKJL,83,42,85,587.00,"49,895.00"
2026-03-10,741,2026031005056440,MSHL,19,101,70,821.00,"57,470.00"
2026-03-10,742,2026031005056439,MSHL,19,58,10,821.00,"8,210.00"
2026-03-10,743,2026031005056352,MSHL,46,29,10,820.00,"8,200.00"
2026-03-10,744,2026031005056351,MSHL,46,18,10,820.00,"8,200.00"
2026-03-10,745,2026031005056350,MSHL,46,33,190,817.00,"155,230.00"
2026-03-10,746,2026031005056349,MSHL,46,38,100,816.00,"81,600.00"
2026-03-10,747,2026031005056279,NIBSF2,35,41,100,9.12,912.00
2026-03-10,748,2026031005056761,NIFRA,42,48,100,286.90,"28,690.00"
2026-03-10,749,2026031005056758,NIFRA,34,57,310,286.00,"88,660.00"
2026-03-10,750,2026031005056757,NIFRA,34,57,190,286.00,"54,340.00"
2026-03-10,751,2026031005056703,NIFRA,34,58,310,286.00,"88,660.00"
2026-03-10,752,2026031005056702,NIFRA,1,58,500,286.00,"143,000.00"
2026-03-10,753,2026031005056701,NIFRA,42,58,450,286.00,"128,700.00"
2026-03-10,754,2026031005056273,NIFRA,25,28,135,286.90,"38,731.50"
2026-03-10,755,2026031005056608,NIFRA,57,88,40,287.00,"11,480.00"
2026-03-10,756,2026031005056607,NIFRA,57,7,10,287.00,"2,870.00"
2026-03-10,757,2026031005056455,NIFRA,69,28,320,286.90,"91,808.00"
2026-03-10,758,2026031005056442,NIFRA,42,8,50,286.00,"14,300.00"
2026-03-10,759,2026031005056441,NIFRA,59,8,50,286.00,"14,300.00"
2026-03-10,760,2026031005056408,NIFRA,46,28,45,286.90,"12,910.50"
2026-03-10,761,2026031005056700,NIFRA,42,58,100,286.90,"28,690.00"
2026-03-10,762,2026031005056699,NIFRA,22,58,20,286.90,"5,738.00"
2026-03-10,763,2026031005056698,NIFRA,69,58,120,286.90,"34,428.00"
2026-03-10,764,2026031005056697,NIFRA,45,88,70,287.00,"20,090.00"
2026-03-10,765,2026031005056676,NIFRA,69,74,100,286.90,"28,690.00"
2026-03-10,766,2026031005056638,NIFRA,36,88,"1,000",287.00,"287,000.00"
2026-03-10,767,2026031005056760,NRIC,94,94,10,"1,290.00","12,900.00"
2026-03-10,768,2026031005056647,NRIC,58,94,50,"1,290.00","64,500.00"
2026-03-10,769,2026031005056585,NRIC,14,94,900,"1,290.00","1,161,000.00"
2026-03-10,770,2026031005056584,NRIC,62,94,100,"1,290.00","129,000.00"
2026-03-10,771,2026031005056583,NRIC,13,94,20,"1,290.00","25,800.00"
2026-03-10,772,2026031005056280,NRIC,40,94,300,"1,295.00","388,500.00"
2026-03-10,773,2026031005056265,NRIC,17,58,150,"1,292.00","193,800.00"
2026-03-10,774,2026031005056437,NRIC,17,94,150,"1,292.00","193,800.00"
2026-03-10,775,2026031005056436,NRIC,56,94,30,"1,292.10","38,763.00"
2026-03-10,776,2026031005056435,NRIC,45,94,50,"1,293.00","64,650.00"
2026-03-10,777,2026031005056364,NRIC,57,52,2,"1,298.60","2,597.20"
2026-03-10,778,2026031005056363,NRIC,7,94,61,"1,295.00","78,995.00"
2026-03-10,779,2026031005056576,NRIC,17,94,821,"1,291.00","1,059,911.00"
2026-03-10,780,2026031005056571,NRIC,58,52,10,"1,299.00","12,990.00"
2026-03-10,781,2026031005056438,NRIC,17,94,179,"1,291.00","231,089.00"
2026-03-10,782,2026031005056582,NRIC,64,94,50,"1,290.00","64,500.00"
2026-03-10,783,2026031005056581,NRIC,17,94,20,"1,290.00","25,800.00"
2026-03-10,784,2026031005056580,NRIC,42,94,155,"1,290.00","199,950.00"
2026-03-10,785,2026031005056579,NRIC,48,94,20,"1,290.00","25,800.00"
2026-03-10,786,2026031005056578,NRIC,45,94,50,"1,290.00","64,500.00"
2026-03-10,787,2026031005056577,NRIC,22,94,15,"1,290.00","19,350.00"
2026-03-10,788,2026031005056597,NRM,41,55,10,446.90,"4,469.00"
2026-03-10,789,2026031005056421,NRM,58,74,330,446.00,"147,180.00"
2026-03-10,790,2026031005056420,NRM,59,74,210,446.00,"93,660.00"
2026-03-10,791,2026031005056353,NRN,17,58,"1,000","1,606.00","1,606,000.00"
2026-03-10,792,2026031005056345,NRN,60,72,150,"1,608.00","241,200.00"
2026-03-10,793,2026031005056448,NRN,49,58,20,"1,606.00","32,120.00"
2026-03-10,794,2026031005056649,NRN,56,48,300,"1,605.90","481,770.00"
2026-03-10,795,2026031005056326,NSIF2,57,19,"10,000",10.99,"109,900.00"
2026-03-10,796,2026031005056650,NTC,21,69,20,899.00,"17,980.00"
2026-03-10,797,2026031005056596,NTC,58,69,10,899.00,"8,990.00"
2026-03-10,798,2026031005056415,NTC,57,69,11,899.00,"9,889.00"
2026-03-10,799,2026031005056382,NTC,13,69,50,899.00,"44,950.00"
2026-03-10,800,2026031005056381,NTC,58,69,145,899.00,"130,355.00"
2026-03-10,801,2026031005056313,NTC,21,58,91,900.00,"81,900.00"
2026-03-10,802,2026031005056312,NTC,21,16,10,899.90,"8,999.00"
2026-03-10,803,2026031005056756,PHCL,66,11,30,318.00,"9,540.00"
2026-03-10,804,2026031005056725,PHCL,3,11,200,318.00,"63,600.00"
2026-03-10,805,2026031005056658,PHCL,25,11,10,318.00,"3,180.00"
2026-03-10,806,2026031005056657,PHCL,49,11,530,318.00,"168,540.00"
2026-03-10,807,2026031005056656,PHCL,34,11,585,318.00,"186,030.00"
2026-03-10,808,2026031005056639,PHCL,34,6,"1,000",318.00,"318,000.00"
2026-03-10,809,2026031005056385,PHCL,26,52,200,318.90,"63,780.00"
2026-03-10,810,2026031005056359,PHCL,45,58,300,319.00,"95,700.00"
2026-03-10,811,2026031005056298,PHCL,52,58,120,319.00,"38,280.00"
2026-03-10,812,2026031005056297,PHCL,52,7,10,319.00,"3,190.00"
2026-03-10,813,2026031005056296,PHCL,52,21,165,319.00,"52,635.00"
2026-03-10,814,2026031005056276,PHCL,52,21,200,319.00,"63,800.00"
2026-03-10,815,2026031005056472,PHCL,46,22,10,318.00,"3,180.00"
2026-03-10,816,2026031005056471,PHCL,49,22,25,318.00,"7,950.00"
2026-03-10,817,2026031005056457,PHCL,49,13,75,318.00,"23,850.00"
2026-03-10,818,2026031005056456,PHCL,42,13,275,318.00,"87,450.00"
2026-03-10,819,2026031005056403,PHCL,42,47,145,318.00,"46,110.00"
2026-03-10,820,2026031005056402,PHCL,57,47,20,318.00,"6,360.00"
2026-03-10,821,2026031005056623,PHCL,48,52,250,318.90,"79,725.00"
2026-03-10,822,2026031005056598,PHCL,59,52,50,318.90,"15,945.00"
2026-03-10,823,2026031005056525,PHCL,34,49,500,318.00,"159,000.00"
2026-03-10,824,2026031005056486,PHCL,34,45,200,318.00,"63,600.00"
2026-03-10,825,2026031005056474,PHCL,34,22,215,318.00,"68,370.00"
2026-03-10,826,2026031005056473,PHCL,21,22,50,318.00,"15,900.00"
2026-03-10,827,2026031005056716,PPL,77,26,110,403.00,"44,330.00"
2026-03-10,828,2026031005056715,PPL,13,26,30,404.00,"12,120.00"
2026-03-10,829,2026031005056714,PPL,76,26,500,404.00,"202,000.00"
2026-03-10,830,2026031005056713,PPL,49,26,500,404.10,"202,050.00"
2026-03-10,831,2026031005056712,PPL,48,26,100,404.20,"40,420.00"
2026-03-10,832,2026031005056711,PPL,41,26,190,404.30,"76,817.00"
2026-03-10,833,2026031005056516,PPL,42,17,10,404.90,"4,049.00"
2026-03-10,834,2026031005056561,RAWA,48,58,10,750.00,"7,500.00"
2026-03-10,835,2026031005056554,RAWA,48,42,40,740.00,"29,600.00"
2026-03-10,836,2026031005056560,RAWA,48,25,10,750.00,"7,500.00"
2026-03-10,837,2026031005056559,RAWA,48,77,10,749.00,"7,490.00"
2026-03-10,838,2026031005056558,RAWA,48,17,10,745.00,"7,450.00"
2026-03-10,839,2026031005056557,RAWA,48,96,80,745.00,"59,600.00"
2026-03-10,840,2026031005056556,RAWA,48,17,10,741.00,"7,410.00"
2026-03-10,841,2026031005056555,RAWA,48,17,170,741.00,"125,970.00"
2026-03-10,842,2026031005056755,RFPL,7,10,80,418.00,"33,440.00"
2026-03-10,843,2026031005056722,RFPL,34,10,150,418.00,"62,700.00"
2026-03-10,844,2026031005056551,RFPL,49,10,430,418.00,"179,740.00"
2026-03-10,845,2026031005056523,RFPL,26,34,455,417.00,"189,735.00"
2026-03-10,846,2026031005056522,RFPL,22,34,80,417.10,"33,368.00"
2026-03-10,847,2026031005056470,RFPL,22,21,20,417.10,"8,342.00"
2026-03-10,848,2026031005056377,RFPL,21,10,500,418.00,"209,000.00"
2026-03-10,849,2026031005056358,RFPL,26,26,100,417.00,"41,700.00"
2026-03-10,850,2026031005056744,RHGCL,39,13,183,298.30,"54,588.90"
2026-03-10,851,2026031005056743,RHGCL,41,13,100,298.40,"29,840.00"
2026-03-10,852,2026031005056742,RHGCL,45,13,217,298.40,"64,752.80"
2026-03-10,853,2026031005056636,RHGCL,42,29,70,299.00,"20,930.00"
2026-03-10,854,2026031005056573,RHGCL,58,20,20,299.90,"5,998.00"
2026-03-10,855,2026031005056724,RNLI,6,8,12,500.00,"6,000.00"
2026-03-10,856,2026031005056633,RNLI,6,41,12,500.00,"6,000.00"
2026-03-10,857,2026031005056632,RNLI,6,58,19,500.00,"9,500.00"
2026-03-10,858,2026031005056631,RNLI,6,6,25,500.00,"12,500.00"
2026-03-10,859,2026031005056566,RNLI,4,6,50,500.00,"25,000.00"
2026-03-10,860,2026031005056705,SAHAS,38,34,20,626.00,"12,520.00"
2026-03-10,861,2026031005056704,SAHAS,38,35,216,626.00,"135,216.00"
2026-03-10,862,2026031005056653,SAHAS,58,35,20,626.00,"12,520.00"
2026-03-10,863,2026031005056629,SAHAS,58,35,19,626.00,"11,894.00"
2026-03-10,864,2026031005056495,SAHAS,58,41,74,626.00,"46,324.00"
2026-03-10,865,2026031005056494,SAHAS,58,58,50,626.00,"31,300.00"
2026-03-10,866,2026031005056295,SAHAS,25,39,30,626.00,"18,780.00"
2026-03-10,867,2026031005056278,SAHAS,71,58,334,625.00,"208,750.00"
2026-03-10,868,2026031005056493,SAHAS,58,39,34,626.00,"21,284.00"
2026-03-10,869,2026031005056431,SAHAS,74,58,79,625.10,"49,382.90"
2026-03-10,870,2026031005056419,SAHAS,74,36,290,625.10,"181,279.00"
2026-03-10,871,2026031005056417,SAHAS,74,13,50,625.10,"31,255.00"
2026-03-10,872,2026031005056369,SAHAS,4,39,258,626.00,"161,508.00"
2026-03-10,873,2026031005056346,SAHAS,71,36,50,625.00,"31,250.00"
2026-03-10,874,2026031005056477,SANVI,46,48,10,861.00,"8,610.00"
2026-03-10,875,2026031005056476,SANVI,26,48,"2,124",861.00,"1,828,764.00"
2026-03-10,876,2026031005056401,SANVI,26,45,300,861.00,"258,300.00"
2026-03-10,877,2026031005056340,SANVI,26,94,76,860.00,"65,360.00"
2026-03-10,878,2026031005056337,SANVI,64,94,40,860.00,"34,400.00"
2026-03-10,879,2026031005056400,SBCF,45,42,200,9.84,"1,968.00"
2026-03-10,880,2026031005056399,SBCF,45,26,500,9.84,"4,920.00"
2026-03-10,881,2026031005056398,SBCF,45,58,500,9.84,"4,920.00"
2026-03-10,882,2026031005056748,SGHC,39,58,40,418.10,"16,724.00"
2026-03-10,883,2026031005056616,SGHC,42,41,100,420.00,"42,000.00"
2026-03-10,884,2026031005056507,SGHC,39,49,66,418.10,"27,594.60"
2026-03-10,885,2026031005056506,SGHC,32,49,50,418.20,"20,910.00"
2026-03-10,886,2026031005056505,SGHC,4,49,500,418.20,"209,100.00"
2026-03-10,887,2026031005056504,SGHC,8,49,300,418.30,"125,490.00"
2026-03-10,888,2026031005056503,SGHC,17,49,100,418.50,"41,850.00"
2026-03-10,889,2026031005056499,SGHC,62,39,500,419.00,"209,500.00"
2026-03-10,890,2026031005056498,SGHC,35,39,180,419.00,"75,420.00"
2026-03-10,891,2026031005056637,SHIVM,14,44,"1,013",663.00,"671,619.00"
2026-03-10,892,2026031005056593,SHIVM,14,42,300,663.00,"198,900.00"
2026-03-10,893,2026031005056512,SHIVM,51,32,65,667.00,"43,355.00"
2026-03-10,894,2026031005056511,SHIVM,51,72,35,667.00,"23,345.00"
2026-03-10,895,2026031005056365,SHIVM,14,72,465,667.00,"310,155.00"
2026-03-10,896,2026031005056334,SHIVM,10,33,"1,000",667.10,"667,100.00"
2026-03-10,897,2026031005056348,SIKLES,34,54,10,648.20,"6,482.00"
2026-03-10,898,2026031005056347,SIKLES,34,16,14,642.00,"8,988.00"
2026-03-10,899,2026031005056483,SMATA,54,44,380,831.10,"315,818.00"
2026-03-10,900,2026031005056482,SMATA,41,44,100,831.50,"83,150.00"
2026-03-10,901,2026031005056481,SMATA,7,44,20,832.00,"16,640.00"
2026-03-10,902,2026031005056603,SMH,91,55,119,658.40,"78,349.60"
2026-03-10,903,2026031005056602,SMH,56,55,200,658.40,"131,680.00"
2026-03-10,904,2026031005056601,SMH,38,55,29,658.40,"19,093.60"
2026-03-10,905,2026031005056600,SMH,17,55,100,658.50,"65,850.00"
2026-03-10,906,2026031005056599,SMH,56,55,100,658.50,"65,850.00"
2026-03-10,907,2026031005056478,SMH,53,90,15,660.00,"9,900.00"
2026-03-10,908,2026031005056344,SMH,11,90,50,660.00,"33,000.00"
2026-03-10,909,2026031005056723,SMHL,45,13,500,494.90,"247,450.00"
2026-03-10,910,2026031005056709,SMHL,58,13,80,494.90,"39,592.00"
2026-03-10,911,2026031005056678,SMHL,62,13,14,494.90,"6,928.60"
2026-03-10,912,2026031005056648,SMHL,45,13,42,494.90,"20,785.80"
2026-03-10,913,2026031005056645,SMHL,45,35,225,494.20,"111,195.00"
2026-03-10,914,2026031005056644,SMHL,57,35,50,494.50,"24,725.00"
2026-03-10,915,2026031005056379,SMHL,74,51,556,494.10,"274,719.60"
2026-03-10,916,2026031005056378,SMHL,41,51,44,494.10,"21,740.40"
2026-03-10,917,2026031005056327,SMHL,41,35,13,494.10,"6,423.30"
2026-03-10,918,2026031005056277,SMHL,41,66,100,494.10,"49,410.00"
2026-03-10,919,2026031005056540,SMHL,17,36,200,495.00,"99,000.00"
2026-03-10,920,2026031005056510,SMHL,44,36,100,495.00,"49,500.00"
2026-03-10,921,2026031005056480,SMHL,49,35,31,494.10,"15,317.10"
2026-03-10,922,2026031005056479,SMHL,74,35,244,494.10,"120,560.40"
2026-03-10,923,2026031005056426,SMHL,35,36,220,495.00,"108,900.00"
2026-03-10,924,2026031005056386,SMHL,89,36,40,495.00,"19,800.00"
2026-03-10,925,2026031005056620,SMHL,58,49,500,495.00,"247,500.00"
2026-03-10,926,2026031005056614,SMHL,6,49,13,495.00,"6,435.00"
2026-03-10,927,2026031005056604,SMHL,57,49,100,495.00,"49,500.00"
2026-03-10,928,2026031005056575,SMHL,42,49,240,495.00,"118,800.00"
2026-03-10,929,2026031005056574,SMHL,42,36,260,495.00,"128,700.00"
2026-03-10,930,2026031005056550,SMHL,57,36,180,495.00,"89,100.00"
2026-03-10,931,2026031005056717,SMJC,40,94,100,499.00,"49,900.00"
2026-03-10,932,2026031005056643,SMJC,59,49,180,500.00,"90,000.00"
2026-03-10,933,2026031005056642,SMJC,59,58,205,500.00,"102,500.00"
2026-03-10,934,2026031005056641,SMJC,59,19,100,499.90,"49,990.00"
2026-03-10,935,2026031005056640,SMJC,59,35,10,499.80,"4,998.00"
2026-03-10,936,2026031005056615,SONA,29,59,200,450.10,"90,020.00"
2026-03-10,937,2026031005056542,SONA,29,7,200,450.10,"90,020.00"
2026-03-10,938,2026031005056397,SONA,57,7,70,450.00,"31,500.00"
2026-03-10,939,2026031005056333,SONA,57,56,726,450.00,"326,700.00"
2026-03-10,940,2026031005056332,SONA,34,56,90,450.00,"40,500.00"
2026-03-10,941,2026031005056331,SONA,21,56,60,450.00,"27,000.00"
2026-03-10,942,2026031005056330,SONA,49,56,20,450.00,"9,000.00"
2026-03-10,943,2026031005056329,SONA,34,56,104,450.10,"46,810.40"
2026-03-10,944,2026031005056267,SONA,6,7,40,451.00,"18,040.00"
2026-03-10,945,2026031005056266,SONA,53,7,50,451.00,"22,550.00"
2026-03-10,946,2026031005056719,SPC,58,35,5,510.00,"2,550.00"
2026-03-10,947,2026031005056375,SPL,77,10,200,737.10,"147,420.00"
2026-03-10,948,2026031005056374,SPL,84,10,50,737.20,"36,860.00"
2026-03-10,949,2026031005056373,SPL,6,10,50,737.30,"36,865.00"
2026-03-10,950,2026031005056372,SPL,17,10,290,738.00,"214,020.00"
2026-03-10,951,2026031005056355,SPL,17,51,10,738.00,"7,380.00"
2026-03-10,952,2026031005056430,SPL,77,10,360,737.10,"265,356.00"
2026-03-10,953,2026031005056376,SPL,55,10,50,737.10,"36,855.00"
2026-03-10,954,2026031005056662,SPL,58,10,155,737.00,"114,235.00"
2026-03-10,955,2026031005056661,SPL,16,10,50,737.00,"36,850.00"
2026-03-10,956,2026031005056660,SPL,22,10,20,737.00,"14,740.00"
2026-03-10,957,2026031005056659,SPL,58,10,11,737.00,"8,107.00"
2026-03-10,958,2026031005056666,SPL,90,10,100,737.00,"73,700.00"
2026-03-10,959,2026031005056665,SPL,22,10,315,737.00,"232,155.00"
2026-03-10,960,2026031005056664,SPL,11,10,30,737.00,"22,110.00"
2026-03-10,961,2026031005056663,SPL,42,10,50,737.00,"36,850.00"
2026-03-10,962,2026031005056683,STC,17,54,63,"6,200.00","390,600.00"
2026-03-10,963,2026031005056682,STC,17,66,100,"6,198.90","619,890.00"
2026-03-10,964,2026031005056594,STC,49,59,10,"6,198.00","61,980.00"
2026-03-10,965,2026031005056354,STC,34,49,28,"6,175.00","172,900.00"
2026-03-10,966,2026031005056517,TAMOR,38,26,10,440.00,"4,400.00"
2026-03-10,967,2026031005056485,TAMOR,16,36,272,440.00,"119,680.00"
2026-03-10,968,2026031005056380,TAMOR,16,45,100,440.00,"44,000.00"
2026-03-10,969,2026031005056317,TAMOR,16,41,302,440.00,"132,880.00"
2026-03-10,970,2026031005056316,TAMOR,45,41,50,440.10,"22,005.00"
2026-03-10,971,2026031005056315,TAMOR,90,41,550,440.20,"242,110.00"
2026-03-10,972,2026031005056314,TAMOR,32,41,90,440.30,"39,627.00"
2026-03-10,973,2026031005056285,TAMOR,32,6,400,440.30,"176,120.00"
2026-03-10,974,2026031005056284,TAMOR,42,6,100,440.50,"44,050.00"
2026-03-10,975,2026031005056283,TAMOR,32,6,90,440.50,"39,645.00"
2026-03-10,976,2026031005056282,TAMOR,58,6,10,440.90,"4,409.00"
2026-03-10,977,2026031005056673,TPC,42,14,613,404.50,"247,958.50"
2026-03-10,978,2026031005056672,TPC,35,14,220,404.90,"89,078.00"
2026-03-10,979,2026031005056671,TPC,38,34,200,405.00,"81,000.00"
2026-03-10,980,2026031005056572,TPC,55,49,20,405.90,"8,118.00"
2026-03-10,981,2026031005056462,TPC,98,49,25,405.90,"10,147.50"
2026-03-10,982,2026031005056318,TPC,42,40,273,404.50,"110,428.50"
2026-03-10,983,2026031005056543,TVCL,101,60,"1,390",641.00,"890,990.00"
2026-03-10,984,2026031005056500,TVCL,101,71,500,641.00,"320,500.00"
2026-03-10,985,2026031005056424,TVCL,101,60,"1,500",641.00,"961,500.00"
2026-03-10,986,2026031005056739,UHEWA,41,41,116,596.90,"69,240.40"
2026-03-10,987,2026031005056628,UHEWA,41,96,50,596.50,"29,825.00"
2026-03-10,988,2026031005056416,UHEWA,41,58,317,596.00,"188,932.00"
2026-03-10,989,2026031005056384,UHEWA,41,1,100,596.00,"59,600.00"
2026-03-10,990,2026031005056299,UHEWA,58,41,50,596.90,"29,845.00"
2026-03-10,991,2026031005056496,ULHC,42,83,20,569.00,"11,380.00"
2026-03-10,992,2026031005056693,USHEC,49,45,200,500.00,"100,000.00"
2026-03-10,993,2026031005056306,USHEC,62,34,100,502.00,"50,200.00"
2026-03-10,994,2026031005056569,USHEC,63,91,200,502.00,"100,400.00"
2026-03-10,995,2026031005056568,USHEC,63,45,100,502.00,"50,200.00"
2026-03-10,996,2026031005056567,USHEC,63,34,200,502.00,"100,400.00"
2026-03-10,997,2026031005056622,USHL,74,92,50,768.80,"38,440.00"
2026-03-10,998,2026031005056497,USHL,74,34,10,768.80,"7,688.00"
2026-03-10,999,2026031005056414,USHL,74,42,30,768.80,"23,064.00"
2026-03-10,1000,2026031005056759,VLUCL,34,29,22,584.00,"12,848.00"
2026-03-10,1001,2026031005055929,AHL,57,11,30,538.00,"16,140.00"
2026-03-10,1002,2026031005055970,BEDC,57,32,46,533.00,"24,518.00"
2026-03-10,1003,2026031005055765,BEDC,51,32,392,535.00,"209,720.00"
2026-03-10,1004,2026031005056183,BHDC,34,61,150,505.00,"75,750.00"
2026-03-10,1005,2026031005055968,BHDC,49,61,100,505.00,"50,500.00"
2026-03-10,1006,2026031005055840,BHDC,58,61,500,505.00,"252,500.00"
2026-03-10,1007,2026031005055806,BHDC,34,61,250,505.00,"126,250.00"
2026-03-10,1008,2026031005055805,BHDC,34,48,250,505.00,"126,250.00"
2026-03-10,1009,2026031005056260,BHL,17,29,100,222.00,"22,200.00"
2026-03-10,1010,2026031005056184,BHL,58,29,20,222.00,"4,440.00"
2026-03-10,1011,2026031005056175,BHL,36,29,102,222.00,"22,644.00"
2026-03-10,1012,2026031005056174,BHL,52,29,100,222.00,"22,200.00"
2026-03-10,1013,2026031005056173,BHL,49,29,87,222.00,"19,314.00"
2026-03-10,1014,2026031005056135,BHL,49,38,185,222.00,"41,070.00"
2026-03-10,1015,2026031005055792,BHL,26,4,100,221.90,"22,190.00"
2026-03-10,1016,2026031005055814,BHL,49,40,400,222.00,"88,800.00"
2026-03-10,1017,2026031005055813,BHL,49,22,200,222.00,"44,400.00"
2026-03-10,1018,2026031005055812,BHL,49,38,"2,060",222.00,"457,320.00"
2026-03-10,1019,2026031005055811,BHL,49,28,20,222.00,"4,440.00"
2026-03-10,1020,2026031005055810,BHL,49,41,82,222.00,"18,204.00"
2026-03-10,1021,2026031005055793,BHL,26,41,300,222.00,"66,600.00"
2026-03-10,1022,2026031005055873,BHL,22,52,"1,340",221.00,"296,140.00"
2026-03-10,1023,2026031005055872,BHL,74,52,160,221.10,"35,376.00"
2026-03-10,1024,2026031005055837,BHL,58,42,50,221.50,"11,075.00"
2026-03-10,1025,2026031005055827,BHL,7,42,40,221.50,"8,860.00"
2026-03-10,1026,2026031005055816,BHL,49,58,188,222.00,"41,736.00"
2026-03-10,1027,2026031005055815,BHL,49,58,50,222.00,"11,100.00"
2026-03-10,1028,2026031005056041,BHL,49,38,62,222.00,"13,764.00"
2026-03-10,1029,2026031005055998,BHL,7,38,900,222.00,"199,800.00"
2026-03-10,1030,2026031005055946,BHL,34,38,38,222.00,"8,436.00"
2026-03-10,1031,2026031005055945,BHL,34,58,12,222.00,"2,664.00"
2026-03-10,1032,2026031005055932,BHL,57,58,600,221.60,"132,960.00"
2026-03-10,1033,2026031005055890,BHL,57,42,10,221.50,"2,215.00"
2026-03-10,1034,2026031005056134,BHL,49,38,15,222.30,"3,334.50"
2026-03-10,1035,2026031005056132,BHL,49,55,185,222.30,"41,125.50"
2026-03-10,1036,2026031005056102,BHL,49,42,10,222.00,"2,220.00"
2026-03-10,1037,2026031005056070,BHL,49,13,50,222.00,"11,100.00"
2026-03-10,1038,2026031005056046,BHL,49,58,21,222.00,"4,662.00"
2026-03-10,1039,2026031005056042,BHL,49,42,85,222.00,"18,870.00"
2026-03-10,1040,2026031005056161,BHPL,58,97,38,590.00,"22,420.00"
2026-03-10,1041,2026031005056160,BHPL,34,97,78,590.00,"46,020.00"
2026-03-10,1042,2026031005055871,BHPL,34,32,10,594.90,"5,949.00"
2026-03-10,1043,2026031005055852,BHPL,34,34,122,590.00,"71,980.00"
2026-03-10,1044,2026031005055851,BHPL,49,34,78,590.00,"46,020.00"
2026-03-10,1045,2026031005055850,BHPL,34,34,800,590.10,"472,080.00"
2026-03-10,1046,2026031005056232,BNHC,25,26,34,380.00,"12,920.00"
2026-03-10,1047,2026031005056133,BNHC,25,49,10,380.00,"3,800.00"
2026-03-10,1048,2026031005056051,BNHC,25,57,10,380.00,"3,800.00"
2026-03-10,1049,2026031005056039,BNHC,25,42,246,380.00,"93,480.00"
2026-03-10,1050,2026031005055948,BNHC,58,42,245,380.00,"93,100.00"
2026-03-10,1051,2026031005055833,BNHC,52,58,487,380.00,"185,060.00"
2026-03-10,1052,2026031005055818,BNHC,52,13,39,380.00,"14,820.00"
2026-03-10,1053,2026031005055817,BNHC,34,13,11,380.00,"4,180.00"
2026-03-10,1054,2026031005055771,BNHC,34,49,89,380.00,"33,820.00"
2026-03-10,1055,2026031005055770,BNHC,58,49,11,380.00,"4,180.00"
2026-03-10,1056,2026031005055947,BNHC,58,48,755,380.00,"286,900.00"
2026-03-10,1057,2026031005055915,BNHC,58,48,60,380.00,"22,800.00"
2026-03-10,1058,2026031005055849,BNHC,4,48,10,380.00,"3,800.00"
2026-03-10,1059,2026031005055848,BNHC,13,48,100,380.00,"38,000.00"
2026-03-10,1060,2026031005055847,BNHC,34,48,75,380.00,"28,500.00"
2026-03-10,1061,2026031005055834,BNHC,34,58,375,380.00,"142,500.00"
2026-03-10,1062,2026031005055956,CIT,42,51,10,"1,869.00","18,690.00"
2026-03-10,1063,2026031005055955,CIT,42,10,50,"1,869.00","93,450.00"
2026-03-10,1064,2026031005055926,CIT,55,10,50,"1,869.00","93,450.00"
2026-03-10,1065,2026031005055836,CIT,38,10,20,"1,869.00","37,380.00"
2026-03-10,1066,2026031005056192,CLI,58,91,1,494.00,494.00
2026-03-10,1067,2026031005056177,CLI,58,7,10,495.00,"4,950.00"
2026-03-10,1068,2026031005055800,CLI,41,65,378,496.00,"187,488.00"
2026-03-10,1069,2026031005055785,CLI,58,65,11,496.00,"5,456.00"
2026-03-10,1070,2026031005056040,DORDI,32,58,10,297.00,"2,970.00"
2026-03-10,1071,2026031005055952,DORDI,43,58,120,296.50,"35,580.00"
2026-03-10,1072,2026031005055797,DORDI,58,58,30,297.00,"8,910.00"
2026-03-10,1073,2026031005056084,EHPL,52,50,100,434.40,"43,440.00"
2026-03-10,1074,2026031005056083,EHPL,52,58,30,434.40,"13,032.00"
2026-03-10,1075,2026031005055820,EHPL,33,58,10,434.40,"4,344.00"
2026-03-10,1076,2026031005055819,EHPL,11,58,10,434.40,"4,344.00"
2026-03-10,1077,2026031005055768,EHPL,76,58,5,433.00,"2,165.00"
2026-03-10,1078,2026031005055767,EHPL,38,58,350,433.00,"151,550.00"
2026-03-10,1079,2026031005055826,ENL,43,64,27,957.30,"25,847.10"
2026-03-10,1080,2026031005056227,GCIL,89,13,15,442.30,"6,634.50"
2026-03-10,1081,2026031005056226,GCIL,36,13,10,443.00,"4,430.00"
2026-03-10,1082,2026031005056131,GCIL,36,29,100,443.00,"44,300.00"
2026-03-10,1083,2026031005056237,GVL,21,34,290,519.00,"150,510.00"
2026-03-10,1084,2026031005055986,GVL,21,49,11,519.00,"5,709.00"
2026-03-10,1085,2026031005055985,GVL,38,49,10,519.00,"5,190.00"
2026-03-10,1086,2026031005055984,GVL,46,49,10,519.00,"5,190.00"
2026-03-10,1087,2026031005055969,GVL,57,17,490,519.70,"254,653.00"
2026-03-10,1088,2026031005056152,HATHY,51,8,30,971.00,"29,130.00"
2026-03-10,1089,2026031005056209,HDL,45,33,79,"1,227.00","96,933.00"
2026-03-10,1090,2026031005056208,HDL,45,60,106,"1,227.00","130,062.00"
2026-03-10,1091,2026031005056207,HDL,45,49,10,"1,225.00","12,250.00"
2026-03-10,1092,2026031005055838,HDL,38,34,82,"1,226.00","100,532.00"
2026-03-10,1093,2026031005055835,HDL,45,60,30,"1,227.00","36,810.00"
2026-03-10,1094,2026031005055830,HDL,38,37,18,"1,226.00","22,068.00"
2026-03-10,1095,2026031005055784,HDL,48,60,160,"1,227.00","196,320.00"
2026-03-10,1096,2026031005055764,HDL,59,60,10,"1,227.00","12,270.00"
2026-03-10,1097,2026031005055936,HDL,42,19,150,"1,225.00","183,750.00"
2026-03-10,1098,2026031005055935,HDL,32,19,100,"1,225.00","122,500.00"
2026-03-10,1099,2026031005055934,HDL,14,19,50,"1,225.00","61,250.00"
2026-03-10,1100,2026031005055864,HDL,58,34,10,"1,226.00","12,260.00"
2026-03-10,1101,2026031005056128,HDL,49,39,20,"1,224.60","24,492.00"
2026-03-10,1102,2026031005056119,HDL,42,35,127,"1,225.00","155,575.00"
2026-03-10,1103,2026031005056118,HDL,42,34,53,"1,225.00","64,925.00"
2026-03-10,1104,2026031005056072,HDL,42,34,55,"1,225.00","67,375.00"
2026-03-10,1105,2026031005056206,HDL,45,17,40,"1,225.00","49,000.00"
2026-03-10,1106,2026031005056148,HDL,16,35,27,"1,225.00","33,075.00"
2026-03-10,1107,2026031005056129,HDL,58,35,24,"1,225.00","29,400.00"
2026-03-10,1108,2026031005056179,HHL,42,66,300,362.10,"108,630.00"
2026-03-10,1109,2026031005056151,HHL,16,8,20,364.80,"7,296.00"
2026-03-10,1110,2026031005056233,HIDCL,58,39,90,290.20,"26,118.00"
2026-03-10,1111,2026031005056230,HIDCL,97,57,150,290.00,"43,500.00"
2026-03-10,1112,2026031005056217,HIDCL,97,53,"17,840",290.00,"5,173,600.00"
2026-03-10,1113,2026031005056216,HIDCL,97,6,500,290.00,"145,000.00"
2026-03-10,1114,2026031005056215,HIDCL,97,8,100,290.00,"29,000.00"
2026-03-10,1115,2026031005056214,HIDCL,97,41,"1,500",290.00,"435,000.00"
2026-03-10,1116,2026031005056144,HIDCL,58,99,10,289.00,"2,890.00"
2026-03-10,1117,2026031005056076,HIDCL,58,57,50,289.00,"14,450.00"
2026-03-10,1118,2026031005055954,HIDCL,34,26,92,289.00,"26,588.00"
2026-03-10,1119,2026031005055937,HIDCL,42,58,200,290.00,"58,000.00"
2026-03-10,1120,2026031005055787,HIDCL,7,58,293,290.00,"84,970.00"
2026-03-10,1121,2026031005055766,HIDCL,7,62,707,290.00,"205,030.00"
2026-03-10,1122,2026031005056213,HIDCL,97,13,75,290.00,"21,750.00"
2026-03-10,1123,2026031005056212,HIDCL,58,35,500,289.00,"144,500.00"
2026-03-10,1124,2026031005056190,HIDCL,42,13,925,290.00,"268,250.00"
2026-03-10,1125,2026031005056189,HIDCL,42,38,200,290.00,"58,000.00"
2026-03-10,1126,2026031005056188,HIDCL,42,35,500,290.00,"145,000.00"
2026-03-10,1127,2026031005056187,HIDCL,42,35,75,289.90,"21,742.50"
2026-03-10,1128,2026031005056205,HRL,57,38,450,905.50,"407,475.00"
2026-03-10,1129,2026031005056142,HRL,58,53,10,907.90,"9,079.00"
2026-03-10,1130,2026031005056138,HRL,57,54,160,905.50,"144,880.00"
2026-03-10,1131,2026031005056137,HRL,16,54,427,906.00,"386,862.00"
2026-03-10,1132,2026031005056097,HRL,16,38,173,906.00,"156,738.00"
2026-03-10,1133,2026031005056089,HRL,39,7,976,905.40,"883,670.40"
2026-03-10,1134,2026031005055867,HRL,45,14,190,906.90,"172,311.00"
2026-03-10,1135,2026031005055860,HRL,29,14,"1,000",906.90,"906,900.00"
2026-03-10,1136,2026031005055807,HRL,59,19,190,906.00,"172,140.00"
2026-03-10,1137,2026031005055791,HRL,59,62,11,906.00,"9,966.00"
2026-03-10,1138,2026031005055782,HRL,59,59,270,906.00,"244,620.00"
2026-03-10,1139,2026031005055921,HRL,42,94,40,906.00,"36,240.00"
2026-03-10,1140,2026031005055920,HRL,42,94,500,906.00,"453,000.00"
2026-03-10,1141,2026031005055919,HRL,51,94,15,906.00,"13,590.00"
2026-03-10,1142,2026031005055918,HRL,84,94,202,906.00,"183,012.00"
2026-03-10,1143,2026031005055917,HRL,59,94,529,906.00,"479,274.00"
2026-03-10,1144,2026031005055916,HRL,45,94,60,906.90,"54,414.00"
2026-03-10,1145,2026031005055939,HRL,87,36,200,906.00,"181,200.00"
2026-03-10,1146,2026031005055938,HRL,34,36,73,906.00,"66,138.00"
2026-03-10,1147,2026031005055925,HRL,34,94,427,906.00,"386,862.00"
2026-03-10,1148,2026031005055924,HRL,58,94,100,906.00,"90,600.00"
2026-03-10,1149,2026031005055923,HRL,42,94,100,906.00,"90,600.00"
2026-03-10,1150,2026031005055922,HRL,55,94,199,906.00,"180,294.00"
2026-03-10,1151,2026031005056088,HRL,7,7,24,905.50,"21,732.00"
2026-03-10,1152,2026031005055994,HRL,45,38,27,906.00,"24,462.00"
2026-03-10,1153,2026031005055990,HRL,45,36,23,906.00,"20,838.00"
2026-03-10,1154,2026031005055941,HRL,74,36,100,906.00,"90,600.00"
2026-03-10,1155,2026031005055940,HRL,41,36,24,906.00,"21,744.00"
2026-03-10,1156,2026031005056259,IHL,85,25,10,532.00,"5,320.00"
2026-03-10,1157,2026031005056180,IHL,52,25,30,532.00,"15,960.00"
2026-03-10,1158,2026031005055949,IHL,34,25,100,529.00,"52,900.00"
2026-03-10,1159,2026031005056172,ILI,42,62,11,466.00,"5,126.00"
2026-03-10,1160,2026031005056171,ILI,42,19,10,465.00,"4,650.00"
2026-03-10,1161,2026031005056170,ILI,42,13,12,465.00,"5,580.00"
2026-03-10,1162,2026031005056120,KDBY,94,41,100,10.15,"1,015.00"
2026-03-10,1163,2026031005056079,MAKAR,3,86,460,550.00,"253,000.00"
2026-03-10,1164,2026031005055978,MAKAR,77,86,40,550.00,"22,000.00"
2026-03-10,1165,2026031005055977,MAKAR,61,86,20,550.00,"11,000.00"
2026-03-10,1166,2026031005055976,MAKAR,58,86,30,550.00,"16,500.00"
2026-03-10,1167,2026031005055975,MAKAR,56,86,50,550.00,"27,500.00"
2026-03-10,1168,2026031005055780,MAKAR,32,65,191,550.00,"105,050.00"
2026-03-10,1169,2026031005055773,MAKAR,3,65,114,551.00,"62,814.00"
2026-03-10,1170,2026031005055772,MAKAR,58,65,150,551.10,"82,665.00"
2026-03-10,1171,2026031005055779,MAKAR,39,65,300,550.00,"165,000.00"
2026-03-10,1172,2026031005055778,MAKAR,48,65,190,550.00,"104,500.00"
2026-03-10,1173,2026031005055777,MAKAR,17,65,100,550.00,"55,000.00"
2026-03-10,1174,2026031005055776,MAKAR,40,65,180,550.10,"99,018.00"
2026-03-10,1175,2026031005055775,MAKAR,80,65,70,550.10,"38,507.00"
2026-03-10,1176,2026031005055774,MAKAR,36,65,50,551.00,"27,550.00"
2026-03-10,1177,2026031005056231,MANDU,34,4,100,850.00,"85,000.00"
2026-03-10,1178,2026031005056098,MANDU,34,42,300,850.00,"255,000.00"
2026-03-10,1179,2026031005056250,MBJC,40,49,156,306.60,"47,829.60"
2026-03-10,1180,2026031005056244,MBJC,34,49,44,306.60,"13,490.40"
2026-03-10,1181,2026031005056182,MBJC,25,66,100,307.00,"30,700.00"
2026-03-10,1182,2026031005056181,MBJC,50,66,768,307.00,"235,776.00"
2026-03-10,1183,2026031005056136,MBJC,50,66,50,307.00,"15,350.00"
2026-03-10,1184,2026031005056034,MBJC,50,4,10,307.00,"3,070.00"
2026-03-10,1185,2026031005055983,MBJC,50,58,62,307.00,"19,034.00"
2026-03-10,1186,2026031005055982,MBJC,50,5,10,307.00,"3,070.00"
2026-03-10,1187,2026031005055981,MBJC,50,49,100,307.00,"30,700.00"
2026-03-10,1188,2026031005055789,MBJC,57,38,445,306.30,"136,303.50"
2026-03-10,1189,2026031005055788,MBJC,48,38,55,306.50,"16,857.50"
2026-03-10,1190,2026031005055804,MEL,48,11,10,301.10,"3,011.00"
2026-03-10,1191,2026031005056075,MEL,48,34,19,301.10,"5,720.90"
2026-03-10,1192,2026031005056262,MHCL,38,37,30,390.00,"11,700.00"
2026-03-10,1193,2026031005056261,MHCL,14,37,35,390.00,"13,650.00"
2026-03-10,1194,2026031005056033,MKHC,58,51,105,344.00,"36,120.00"
2026-03-10,1195,2026031005056032,MKHC,58,34,500,344.00,"172,000.00"
2026-03-10,1196,2026031005056031,MKHC,58,58,70,343.50,"24,045.00"
2026-03-10,1197,2026031005055799,MKHC,67,58,20,344.00,"6,880.00"
2026-03-10,1198,2026031005055798,MKHC,67,17,980,343.90,"337,022.00"
2026-03-10,1199,2026031005056200,MKHL,92,22,20,821.30,"16,426.00"
2026-03-10,1200,2026031005056199,MKHL,92,22,20,821.50,"16,430.00"
2026-03-10,1201,2026031005056003,MKJC,34,48,300,549.00,"164,700.00"
2026-03-10,1202,2026031005055831,MKJC,29,48,200,550.00,"110,000.00"
2026-03-10,1203,2026031005056242,MMF1,21,41,500,9.55,"4,775.00"
2026-03-10,1204,2026031005056241,MMF1,21,63,"2,499",9.54,"23,840.46"
2026-03-10,1205,2026031005056204,MMF1,48,63,500,9.54,"4,770.00"
2026-03-10,1206,2026031005056203,MMF1,48,58,300,9.51,"2,853.00"
2026-03-10,1207,2026031005056202,MMF1,48,19,100,9.51,951.00
2026-03-10,1208,2026031005056154,NIBSF2,10,6,"7,900",9.13,"72,127.00"
2026-03-10,1209,2026031005055964,NIBSF2,35,49,"1,300",9.12,"11,856.00"
2026-03-10,1210,2026031005055931,NIBSF2,58,6,300,9.13,"2,739.00"
2026-03-10,1211,2026031005056251,NIFRA,91,42,160,287.80,"46,048.00"
2026-03-10,1212,2026031005056225,NIFRA,45,7,277,287.90,"79,748.30"
2026-03-10,1213,2026031005056191,NIFRA,45,45,10,287.90,"2,879.00"
2026-03-10,1214,2026031005056167,NIFRA,17,42,56,288.00,"16,128.00"
2026-03-10,1215,2026031005056166,NIFRA,17,6,500,288.00,"144,000.00"
2026-03-10,1216,2026031005056165,NIFRA,17,58,244,288.00,"70,272.00"
2026-03-10,1217,2026031005055881,NIFRA,57,64,18,287.00,"5,166.00"
2026-03-10,1218,2026031005055880,NIFRA,57,19,"1,463",287.00,"419,881.00"
2026-03-10,1219,2026031005055879,NIFRA,57,58,"4,473",287.00,"1,283,751.00"
2026-03-10,1220,2026031005055878,NIFRA,57,45,519,286.90,"148,901.10"
2026-03-10,1221,2026031005055874,NIFRA,42,45,300,286.90,"86,070.00"
2026-03-10,1222,2026031005055781,NIFRA,65,45,20,286.90,"5,738.00"
2026-03-10,1223,2026031005055887,NIFRA,42,74,300,285.00,"85,500.00"
2026-03-10,1224,2026031005055886,NIFRA,42,74,36,285.00,"10,260.00"
2026-03-10,1225,2026031005055885,NIFRA,21,74,500,285.10,"142,550.00"
2026-03-10,1226,2026031005055884,NIFRA,56,74,240,285.10,"68,424.00"
2026-03-10,1227,2026031005055883,NIFRA,58,74,235,285.60,"67,116.00"
2026-03-10,1228,2026031005055882,NIFRA,57,74,"3,527",287.00,"1,012,249.00"
2026-03-10,1229,2026031005056096,NIFRA,58,58,256,288.00,"73,728.00"
2026-03-10,1230,2026031005056095,NIFRA,58,51,200,287.90,"57,580.00"
2026-03-10,1231,2026031005056094,NIFRA,58,7,44,287.00,"12,628.00"
2026-03-10,1232,2026031005056077,NIFRA,52,7,10,287.00,"2,870.00"
2026-03-10,1233,2026031005055889,NIFRA,7,74,142,285.00,"40,470.00"
2026-03-10,1234,2026031005055888,NIFRA,62,74,20,285.00,"5,700.00"
2026-03-10,1235,2026031005056053,NRIC,58,94,10,"1,295.00","12,950.00"
2026-03-10,1236,2026031005055997,NRIC,51,94,235,"1,295.00","304,325.00"
2026-03-10,1237,2026031005055877,NRIC,52,49,105,"1,293.00","135,765.00"
2026-03-10,1238,2026031005055876,NRIC,36,49,60,"1,294.00","77,640.00"
2026-03-10,1239,2026031005055875,NRIC,17,49,25,"1,294.10","32,352.50"
2026-03-10,1240,2026031005055846,NRIC,48,94,100,"1,295.00","129,500.00"
2026-03-10,1241,2026031005055996,NRIC,51,45,10,"1,294.00","12,940.00"
2026-03-10,1242,2026031005055995,NRIC,51,32,105,"1,293.00","135,765.00"
2026-03-10,1243,2026031005055967,NRIC,45,32,15,"1,293.00","19,395.00"
2026-03-10,1244,2026031005055966,NRIC,34,32,20,"1,293.00","25,860.00"
2026-03-10,1245,2026031005055965,NRIC,52,32,45,"1,293.00","58,185.00"
2026-03-10,1246,2026031005055927,NRIC,49,45,50,"1,294.00","64,700.00"
2026-03-10,1247,2026031005056027,NRM,33,52,30,447.00,"13,410.00"
2026-03-10,1248,2026031005056026,NRM,33,55,20,446.90,"8,938.00"
2026-03-10,1249,2026031005056236,NRN,60,4,20,"1,608.00","32,160.00"
2026-03-10,1250,2026031005055790,NRN,77,4,100,"1,608.00","160,800.00"
2026-03-10,1251,2026031005055869,NRN,58,44,100,"1,607.10","160,710.00"
2026-03-10,1252,2026031005055862,NRN,58,32,500,"1,607.10","803,550.00"
2026-03-10,1253,2026031005056090,NRN,3,4,10,"1,608.00","16,080.00"
2026-03-10,1254,2026031005056000,NRN,55,4,10,"1,608.00","16,080.00"
2026-03-10,1255,2026031005056185,NRN,60,4,330,"1,608.00","530,640.00"
2026-03-10,1256,2026031005056162,NRN,49,4,50,"1,608.00","80,400.00"
2026-03-10,1257,2026031005056243,NTC,58,19,20,899.00,"17,980.00"
2026-03-10,1258,2026031005056223,NTC,58,42,35,899.00,"31,465.00"
2026-03-10,1259,2026031005056222,NTC,41,42,20,899.00,"17,980.00"
2026-03-10,1260,2026031005056221,NTC,58,42,20,899.00,"17,980.00"
2026-03-10,1261,2026031005056220,NTC,45,42,125,899.00,"112,375.00"
2026-03-10,1262,2026031005056101,NTC,45,32,50,899.00,"44,950.00"
2026-03-10,1263,2026031005056045,NTC,49,58,110,900.00,"99,000.00"
2026-03-10,1264,2026031005056030,NTC,51,58,20,900.00,"18,000.00"
2026-03-10,1265,2026031005055950,NTC,57,58,10,900.00,"9,000.00"
2026-03-10,1266,2026031005055822,NTC,8,58,80,900.00,"72,000.00"
2026-03-10,1267,2026031005055821,NTC,8,16,20,899.90,"17,998.00"
2026-03-10,1268,2026031005056122,NYADI,43,42,100,420.00,"42,000.00"
2026-03-10,1269,2026031005056228,PHCL,26,21,500,319.00,"159,500.00"
2026-03-10,1270,2026031005056219,PHCL,57,21,50,319.00,"15,950.00"
2026-03-10,1271,2026031005056164,PHCL,49,21,30,319.00,"9,570.00"
2026-03-10,1272,2026031005056163,PHCL,49,38,70,319.00,"22,330.00"
2026-03-10,1273,2026031005056117,PHCL,42,38,330,319.00,"105,270.00"
2026-03-10,1274,2026031005056116,PHCL,71,38,100,319.50,"31,950.00"
2026-03-10,1275,2026031005056058,PHCL,8,44,500,319.10,"159,550.00"
2026-03-10,1276,2026031005055829,PHCL,52,34,200,319.50,"63,900.00"
2026-03-10,1277,2026031005055828,PHCL,38,34,500,319.50,"159,750.00"
2026-03-10,1278,2026031005055808,PHCL,19,17,151,319.00,"48,169.00"
2026-03-10,1279,2026031005056104,PHCL,71,8,100,319.50,"31,950.00"
2026-03-10,1280,2026031005056071,PHCL,42,44,670,319.00,"213,730.00"
2026-03-10,1281,2026031005056062,PHCL,57,44,250,319.00,"79,750.00"
2026-03-10,1282,2026031005056061,PHCL,58,44,250,319.00,"79,750.00"
2026-03-10,1283,2026031005056060,PHCL,56,44,310,319.00,"98,890.00"
2026-03-10,1284,2026031005056059,PHCL,41,44,20,319.00,"6,380.00"
2026-03-10,1285,2026031005056115,PPL,42,44,"2,432",406.00,"987,392.00"
2026-03-10,1286,2026031005056114,PPL,42,44,"1,235",406.00,"501,410.00"
2026-03-10,1287,2026031005056113,PPL,42,32,25,405.00,"10,125.00"
2026-03-10,1288,2026031005056112,PPL,42,44,"1,952",405.00,"790,560.00"
2026-03-10,1289,2026031005056111,PPL,42,38,36,404.80,"14,572.80"
2026-03-10,1290,2026031005056110,PPL,42,21,100,404.20,"40,420.00"
2026-03-10,1291,2026031005055856,PPL,45,38,575,404.00,"232,300.00"
2026-03-10,1292,2026031005055855,PPL,45,38,40,404.10,"16,164.00"
2026-03-10,1293,2026031005055854,PPL,34,38,20,404.10,"8,082.00"
2026-03-10,1294,2026031005055853,PPL,32,38,985,404.20,"398,137.00"
2026-03-10,1295,2026031005055802,PPL,38,38,120,404.80,"48,576.00"
2026-03-10,1296,2026031005055794,PPL,25,38,10,404.80,"4,048.00"
2026-03-10,1297,2026031005056109,PPL,42,38,980,404.00,"395,920.00"
2026-03-10,1298,2026031005056103,PPL,77,25,180,403.00,"72,540.00"
2026-03-10,1299,2026031005056073,PPL,77,36,55,403.00,"22,165.00"
2026-03-10,1300,2026031005055859,PPL,57,38,100,404.00,"40,400.00"
2026-03-10,1301,2026031005055858,PPL,19,38,"1,000",404.00,"404,000.00"
2026-03-10,1302,2026031005055857,PPL,74,38,500,404.00,"202,000.00"
2026-03-10,1303,2026031005056080,PSF,39,17,"1,000",11.39,"11,390.00"
2026-03-10,1304,2026031005056036,RAWA,33,6,330,737.00,"243,210.00"
2026-03-10,1305,2026031005055861,RAWA,33,13,700,737.00,"515,900.00"
2026-03-10,1306,2026031005056052,RAWA,33,49,40,737.00,"29,480.00"
2026-03-10,1307,2026031005056198,RFPL,26,17,50,417.00,"20,850.00"
2026-03-10,1308,2026031005056197,RFPL,59,17,100,417.10,"41,710.00"
2026-03-10,1309,2026031005056153,RFPL,33,10,30,418.00,"12,540.00"
2026-03-10,1310,2026031005056145,RFPL,26,58,"1,969",417.00,"821,073.00"
2026-03-10,1311,2026031005056050,RFPL,26,32,50,417.00,"20,850.00"
2026-03-10,1312,2026031005055980,RFPL,58,10,79,416.00,"32,864.00"
2026-03-10,1313,2026031005055979,RFPL,47,10,221,416.00,"91,936.00"
2026-03-10,1314,2026031005055786,RFPL,47,34,779,416.00,"324,064.00"
2026-03-10,1315,2026031005055783,RFPL,57,34,34,416.00,"14,144.00"
2026-03-10,1316,2026031005056246,RHGCL,45,29,100,298.40,"29,840.00"
2026-03-10,1317,2026031005055999,RHGCL,1,29,200,299.00,"59,800.00"
2026-03-10,1318,2026031005055928,RHGCL,45,58,40,298.40,"11,936.00"
2026-03-10,1319,2026031005056235,RNLI,13,36,30,498.60,"14,958.00"
2026-03-10,1320,2026031005056159,RNLI,13,22,109,498.60,"54,347.40"
2026-03-10,1321,2026031005056158,RNLI,49,22,80,498.70,"39,896.00"
2026-03-10,1322,2026031005056157,RNLI,34,22,588,498.70,"293,235.60"
2026-03-10,1323,2026031005056156,RNLI,3,22,123,500.00,"61,500.00"
2026-03-10,1324,2026031005056141,RNLI,3,7,12,500.00,"6,000.00"
2026-03-10,1325,2026031005055933,RNLI,54,17,34,499.00,"16,966.00"
2026-03-10,1326,2026031005056130,RNLI,34,22,900,498.70,"448,830.00"
2026-03-10,1327,2026031005056100,RNLI,34,22,182,498.70,"90,763.40"
2026-03-10,1328,2026031005056099,RNLI,45,22,18,499.00,"8,982.00"
2026-03-10,1329,2026031005056086,RNLI,45,1,12,499.00,"5,988.00"
2026-03-10,1330,2026031005056078,RNLI,45,6,20,499.00,"9,980.00"
2026-03-10,1331,2026031005055914,SAGF,6,58,100,10.05,"1,005.00"
2026-03-10,1332,2026031005056155,SAHAS,41,39,28,626.00,"17,528.00"
2026-03-10,1333,2026031005056146,SAHAS,71,42,453,625.00,"283,125.00"
2026-03-10,1334,2026031005056124,SAHAS,71,42,500,625.00,"312,500.00"
2026-03-10,1335,2026031005056123,SAHAS,71,32,104,625.00,"65,000.00"
2026-03-10,1336,2026031005056082,SAHAS,29,32,100,625.00,"62,500.00"
2026-03-10,1337,2026031005056081,SAHAS,48,32,38,625.00,"23,750.00"
2026-03-10,1338,2026031005055843,SAHAS,58,48,10,625.00,"6,250.00"
2026-03-10,1339,2026031005055842,SAHAS,55,48,495,625.00,"309,375.00"
2026-03-10,1340,2026031005055841,SAHAS,64,48,"1,000",625.10,"625,100.00"
2026-03-10,1341,2026031005055803,SAHAS,16,17,10,625.20,"6,252.00"
2026-03-10,1342,2026031005055796,SAHAS,16,51,90,625.20,"56,268.00"
2026-03-10,1343,2026031005055795,SAHAS,57,51,55,625.20,"34,386.00"
2026-03-10,1344,2026031005055953,SAHAS,42,48,10,625.00,"6,250.00"
2026-03-10,1345,2026031005055944,SAHAS,42,49,20,625.00,"12,500.00"
2026-03-10,1346,2026031005055942,SAHAS,49,17,16,625.00,"10,000.00"
2026-03-10,1347,2026031005055930,SAHAS,49,19,39,625.00,"24,375.00"
2026-03-10,1348,2026031005055845,SAHAS,19,48,11,625.00,"6,875.00"
2026-03-10,1349,2026031005055844,SAHAS,49,48,50,625.00,"31,250.00"
2026-03-10,1350,2026031005056056,SAHAS,48,53,212,625.00,"132,500.00"
2026-03-10,1351,2026031005056055,SAHAS,45,53,50,625.00,"31,250.00"
2026-03-10,1352,2026031005056054,SAHAS,22,53,200,625.00,"125,000.00"
2026-03-10,1353,2026031005056048,SAHAS,22,58,435,625.00,"271,875.00"
2026-03-10,1354,2026031005056047,SAHAS,42,58,170,625.00,"106,250.00"
2026-03-10,1355,2026031005055993,SAHAS,16,49,10,625.10,"6,251.00"
2026-03-10,1356,2026031005056249,SANVI,32,94,50,860.00,"43,000.00"
2026-03-10,1357,2026031005056248,SANVI,39,94,74,860.00,"63,640.00"
2026-03-10,1358,2026031005056196,SANVI,39,25,426,860.00,"366,360.00"
2026-03-10,1359,2026031005056195,SANVI,57,25,40,860.00,"34,400.00"
2026-03-10,1360,2026031005056194,SANVI,38,25,10,860.00,"8,600.00"
2026-03-10,1361,2026031005056193,SANVI,13,25,50,861.00,"43,050.00"
2026-03-10,1362,2026031005056057,SANVI,49,58,10,861.00,"8,610.00"
2026-03-10,1363,2026031005055913,SANVI,38,45,110,860.00,"94,600.00"
2026-03-10,1364,2026031005055912,SANVI,95,45,30,860.00,"25,800.00"
2026-03-10,1365,2026031005056002,SBCF,56,51,"3,600",9.81,"35,316.00"
2026-03-10,1366,2026031005055974,SGHC,8,19,140,423.90,"59,346.00"
2026-03-10,1367,2026031005055973,SGHC,8,17,30,423.00,"12,690.00"
2026-03-10,1368,2026031005055972,SGHC,8,58,30,420.00,"12,600.00"
2026-03-10,1369,2026031005056234,SHIVM,14,35,"3,000",667.00,"2,001,000.00"
2026-03-10,1370,2026031005056178,SHIVM,14,4,100,667.00,"66,700.00"
2026-03-10,1371,2026031005056091,SHIVM,14,74,440,667.00,"293,480.00"
2026-03-10,1372,2026031005056085,SHIVM,14,44,12,667.00,"8,004.00"
2026-03-10,1373,2026031005056049,SHIVM,14,52,100,667.00,"66,700.00"
2026-03-10,1374,2026031005056044,SHIVM,14,4,140,667.00,"93,380.00"
2026-03-10,1375,2026031005055892,SHIVM,14,52,100,661.10,"66,110.00"
2026-03-10,1376,2026031005055891,SHIVM,14,41,43,661.00,"28,423.00"
2026-03-10,1377,2026031005055865,SHIVM,14,41,137,661.00,"90,557.00"
2026-03-10,1378,2026031005055801,SHIVM,14,100,50,661.00,"33,050.00"
2026-03-10,1379,2026031005055898,SHIVM,14,11,50,663.00,"33,150.00"
2026-03-10,1380,2026031005055897,SHIVM,14,51,330,663.00,"218,790.00"
2026-03-10,1381,2026031005055896,SHIVM,14,25,100,662.00,"66,200.00"
2026-03-10,1382,2026031005055895,SHIVM,14,32,100,662.00,"66,200.00"
2026-03-10,1383,2026031005055894,SHIVM,14,100,200,662.00,"132,400.00"
2026-03-10,1384,2026031005055893,SHIVM,14,100,100,662.00,"66,200.00"
2026-03-10,1385,2026031005055904,SHIVM,14,52,40,665.00,"26,600.00"
2026-03-10,1386,2026031005055903,SHIVM,14,36,200,665.00,"133,000.00"
2026-03-10,1387,2026031005055902,SHIVM,14,55,"1,000",664.00,"664,000.00"
2026-03-10,1388,2026031005055901,SHIVM,14,57,200,663.90,"132,780.00"
2026-03-10,1389,2026031005055900,SHIVM,14,42,100,663.00,"66,300.00"
2026-03-10,1390,2026031005055899,SHIVM,14,54,11,663.00,"7,293.00"
2026-03-10,1391,2026031005055910,SHIVM,14,17,"1,000",667.00,"667,000.00"
2026-03-10,1392,2026031005055909,SHIVM,14,45,100,667.00,"66,700.00"
2026-03-10,1393,2026031005055908,SHIVM,14,42,177,666.80,"118,023.60"
2026-03-10,1394,2026031005055907,SHIVM,14,44,80,666.00,"53,280.00"
2026-03-10,1395,2026031005055906,SHIVM,14,83,"1,000",665.00,"665,000.00"
2026-03-10,1396,2026031005055905,SHIVM,14,81,512,665.00,"340,480.00"
2026-03-10,1397,2026031005056008,SHIVM,14,38,100,669.00,"66,900.00"
2026-03-10,1398,2026031005056007,SHIVM,14,49,18,669.00,"12,042.00"
2026-03-10,1399,2026031005056006,SHIVM,14,33,182,669.00,"121,758.00"
2026-03-10,1400,2026031005056005,SHIVM,14,13,100,668.90,"66,890.00"
2026-03-10,1401,2026031005056004,SHIVM,14,84,300,668.90,"200,670.00"
2026-03-10,1402,2026031005055911,SHIVM,14,48,300,667.00,"200,100.00"
2026-03-10,1403,2026031005056014,SHIVM,14,57,20,670.00,"13,400.00"
2026-03-10,1404,2026031005056013,SHIVM,14,7,10,670.00,"6,700.00"
2026-03-10,1405,2026031005056012,SHIVM,14,6,100,669.00,"66,900.00"
2026-03-10,1406,2026031005056011,SHIVM,14,34,90,669.00,"60,210.00"
2026-03-10,1407,2026031005056010,SHIVM,14,28,400,669.00,"267,600.00"
2026-03-10,1408,2026031005056009,SHIVM,14,44,500,669.00,"334,500.00"
2026-03-10,1409,2026031005056020,SHIVM,14,58,117,670.00,"78,390.00"
2026-03-10,1410,2026031005056019,SHIVM,14,58,250,670.00,"167,500.00"
2026-03-10,1411,2026031005056018,SHIVM,14,72,"3,137",670.00,"2,101,790.00"
2026-03-10,1412,2026031005056017,SHIVM,14,42,50,670.00,"33,500.00"
2026-03-10,1413,2026031005056016,SHIVM,14,52,110,670.00,"73,700.00"
2026-03-10,1414,2026031005056015,SHIVM,14,47,100,670.00,"67,000.00"
2026-03-10,1415,2026031005056043,SHIVM,58,4,60,668.00,"40,080.00"
2026-03-10,1416,2026031005056025,SHIVM,14,81,27,670.00,"18,090.00"
2026-03-10,1417,2026031005056024,SHIVM,14,51,45,670.00,"30,150.00"
2026-03-10,1418,2026031005056023,SHIVM,14,96,79,670.00,"52,930.00"
2026-03-10,1419,2026031005056022,SHIVM,14,50,190,670.00,"127,300.00"
2026-03-10,1420,2026031005056021,SHIVM,14,4,75,670.00,"50,250.00"
2026-03-10,1421,2026031005055951,SIKLES,35,4,18,640.00,"11,520.00"
2026-03-10,1422,2026031005056029,SMATA,45,48,38,835.00,"31,730.00"
2026-03-10,1423,2026031005056001,SMH,41,55,308,660.00,"203,280.00"
2026-03-10,1424,2026031005055863,SMH,41,45,192,660.00,"126,720.00"
2026-03-10,1425,2026031005056224,SMHL,41,35,13,494.10,"6,423.30"
2026-03-10,1426,2026031005056211,SMHL,41,70,30,494.10,"14,823.00"
2026-03-10,1427,2026031005056210,SMHL,91,70,10,494.10,"4,941.00"
2026-03-10,1428,2026031005056201,SMHL,91,48,40,494.10,"19,764.00"
2026-03-10,1429,2026031005056186,SMHL,91,44,450,494.10,"222,345.00"
2026-03-10,1430,2026031005056176,SMHL,35,44,300,494.10,"148,230.00"
2026-03-10,1431,2026031005056107,SMHL,39,44,500,494.00,"247,000.00"
2026-03-10,1432,2026031005056106,SMHL,34,44,20,494.00,"9,880.00"
2026-03-10,1433,2026031005056028,SMHL,32,44,500,494.10,"247,050.00"
2026-03-10,1434,2026031005055991,SMHL,52,44,200,494.10,"98,820.00"
2026-03-10,1435,2026031005055832,SMHL,45,44,60,494.10,"29,646.00"
2026-03-10,1436,2026031005055809,SMHL,42,44,50,494.10,"24,705.00"
2026-03-10,1437,2026031005056168,SMHL,35,44,35,494.10,"17,293.50"
2026-03-10,1438,2026031005056147,SMHL,58,44,98,494.10,"48,421.80"
2026-03-10,1439,2026031005056127,SMHL,57,55,20,494.00,"9,880.00"
2026-03-10,1440,2026031005056126,SMHL,16,55,20,494.00,"9,880.00"
2026-03-10,1441,2026031005056125,SMHL,50,44,500,494.10,"247,050.00"
2026-03-10,1442,2026031005056108,SMHL,16,44,480,494.00,"237,120.00"
2026-03-10,1443,2026031005056074,SONA,58,13,20,452.80,"9,056.00"
2026-03-10,1444,2026031005055971,SONA,7,13,10,452.80,"4,528.00"
2026-03-10,1445,2026031005056229,SPC,67,41,11,519.50,"5,714.50"
2026-03-10,1446,2026031005056169,SPC,67,58,36,515.60,"18,561.60"
2026-03-10,1447,2026031005056143,SPC,67,17,10,515.00,"5,150.00"
2026-03-10,1448,2026031005056121,SPC,67,45,22,515.00,"11,330.00"
2026-03-10,1449,2026031005056087,SPC,67,45,22,515.00,"11,330.00"
2026-03-10,1450,2026031005056035,SPC,67,3,21,514.90,"10,812.90"
2026-03-10,1451,2026031005055987,SPHL,53,34,407,563.50,"229,344.50"
2026-03-10,1452,2026031005055866,SPHL,47,34,100,564.00,"56,400.00"
2026-03-10,1453,2026031005055988,SPL,58,10,10,745.00,"7,450.00"
2026-03-10,1454,2026031005056150,STC,35,65,39,"6,142.00","239,538.00"
2026-03-10,1455,2026031005056105,STC,54,65,300,"6,150.00","1,845,000.00"
2026-03-10,1456,2026031005055992,STC,49,77,20,"6,174.00","123,480.00"
2026-03-10,1457,2026031005055989,TAMOR,19,42,30,441.00,"13,230.00"
2026-03-10,1458,2026031005056263,TPC,42,38,114,404.50,"46,113.00"
2026-03-10,1459,2026031005056149,TPC,43,38,20,404.90,"8,098.00"
2026-03-10,1460,2026031005055870,TPC,34,47,500,405.00,"202,500.00"
2026-03-10,1461,2026031005055825,TPC,42,58,306,403.00,"123,318.00"
2026-03-10,1462,2026031005055824,TPC,32,58,250,403.00,"100,750.00"
2026-03-10,1463,2026031005055823,TPC,36,58,444,403.90,"179,331.60"
2026-03-10,1464,2026031005056247,TVCL,101,34,20,641.00,"12,820.00"
2026-03-10,1465,2026031005056240,TVCL,101,51,100,639.00,"63,900.00"
2026-03-10,1466,2026031005056239,TVCL,101,32,"1,000",638.00,"638,000.00"
2026-03-10,1467,2026031005056238,TVCL,101,71,490,637.00,"312,130.00"
2026-03-10,1468,2026031005055963,TVCL,58,60,190,629.20,"119,548.00"
2026-03-10,1469,2026031005055962,TVCL,16,60,100,630.00,"63,000.00"
2026-03-10,1470,2026031005055961,TVCL,69,60,500,630.00,"315,000.00"
2026-03-10,1471,2026031005055960,TVCL,69,60,500,630.00,"315,000.00"
2026-03-10,1472,2026031005055959,TVCL,57,60,10,630.00,"6,300.00"
2026-03-10,1473,2026031005055958,TVCL,49,60,30,633.10,"18,993.00"
2026-03-10,1474,2026031005055957,TVCL,66,60,170,633.10,"107,627.00"
2026-03-10,1475,2026031005055839,TVCL,49,14,10,639.00,"6,390.00"
2026-03-10,1476,2026031005056258,ULHC,42,55,255,569.00,"145,095.00"
2026-03-10,1477,2026031005056257,ULHC,32,55,100,569.00,"56,900.00"
2026-03-10,1478,2026031005056256,ULHC,42,55,35,569.00,"19,915.00"
2026-03-10,1479,2026031005056255,ULHC,21,55,20,570.00,"11,400.00"
2026-03-10,1480,2026031005056254,ULHC,41,55,50,570.00,"28,500.00"
2026-03-10,1481,2026031005056253,ULHC,63,55,430,570.00,"245,100.00"
2026-03-10,1482,2026031005056252,ULHC,32,55,100,570.00,"57,000.00"
2026-03-10,1483,2026031005056140,ULHC,33,99,510,570.00,"290,700.00"
2026-03-10,1484,2026031005056139,ULHC,41,99,490,570.10,"279,349.00"
2026-03-10,1485,2026031005055868,ULHC,41,58,300,570.10,"171,030.00"
2026-03-10,1486,2026031005056093,USHEC,63,34,200,502.00,"100,400.00"
2026-03-10,1487,2026031005056092,USHEC,63,26,300,502.00,"150,600.00"
2026-03-10,1488,2026031005056038,USHEC,49,49,151,500.00,"75,500.00"
2026-03-10,1489,2026031005056037,USHEC,43,49,99,500.00,"49,500.00"
2026-03-10,1490,2026031005056245,USHL,32,39,10,768.80,"7,688.00"
2026-03-10,1491,2026031005056218,USHL,74,28,400,768.00,"307,200.00"
2026-03-10,1492,2026031005056069,VLUCL,1,83,158,585.00,"92,430.00"
2026-03-10,1493,2026031005056068,VLUCL,1,25,10,585.00,"5,850.00"
2026-03-10,1494,2026031005056067,VLUCL,1,49,100,585.00,"58,500.00"
2026-03-10,1495,2026031005056066,VLUCL,1,6,262,584.50,"153,139.00"
2026-03-10,1496,2026031005056065,VLUCL,1,56,10,584.40,"5,844.00"
2026-03-10,1497,2026031005056064,VLUCL,1,29,450,584.00,"262,800.00"
2026-03-10,1498,2026031005056063,VLUCL,1,25,10,584.00,"5,840.00"
2026-03-10,1499,2026031005055943,VLUCL,32,58,10,583.10,"5,831.00"
2026-03-10,1500,2026031005055769,VLUCL,32,48,10,583.10,"5,831.00"
2026-03-10,1501,2026031005055372,AHL,57,55,40,538.00,"21,520.00"
2026-03-10,1502,2026031005055330,AHL,57,39,10,538.00,"5,380.00"
2026-03-10,1503,2026031005055714,BHDC,45,58,78,504.90,"39,382.20"
2026-03-10,1504,2026031005055608,BHDC,33,36,77,504.60,"38,854.20"
2026-03-10,1505,2026031005055499,BHDC,64,48,750,505.00,"378,750.00"
2026-03-10,1506,2026031005055498,BHDC,64,50,100,505.00,"50,500.00"
2026-03-10,1507,2026031005055497,BHDC,64,58,350,504.90,"176,715.00"
2026-03-10,1508,2026031005055496,BHDC,64,58,100,504.90,"50,490.00"
