date,sn,contract_no,stock_symbol,buyer,seller,quantity,rate,amount
2026-03-03,1,2026030305015611,AHL,75,48,70,504.90,"35,343.00"
2026-03-03,2,2026030305015609,AHL,75,49,30,504.90,"15,147.00"
2026-03-03,3,2026030305015968,BBC,43,60,15,"4,621.00","69,315.00"
2026-03-03,4,2026030305015967,BBC,63,60,90,"4,623.00","416,070.00"
2026-03-03,5,2026030305015966,BBC,13,60,25,"4,624.00","115,600.00"
2026-03-03,6,2026030305015965,BBC,1,60,10,"4,625.00","46,250.00"
2026-03-03,7,2026030305015964,BBC,72,60,10,"4,625.00","46,250.00"
2026-03-03,8,2026030305015963,BBC,57,60,20,"4,626.00","92,520.00"
2026-03-03,9,2026030305015962,BBC,5,60,10,"4,626.00","46,260.00"
2026-03-03,10,2026030305015881,BBC,21,7,10,"4,690.00","46,900.00"
2026-03-03,11,2026030305016006,BEDC,83,10,50,522.90,"26,145.00"
2026-03-03,12,2026030305015961,BEDC,55,42,100,523.50,"52,350.00"
2026-03-03,13,2026030305015946,BEDC,34,42,20,523.50,"10,470.00"
2026-03-03,14,2026030305015653,BEDC,83,49,141,522.90,"73,728.90"
2026-03-03,15,2026030305015646,BEDC,74,59,100,522.00,"52,200.00"
2026-03-03,16,2026030305016042,BHDC,36,29,100,484.00,"48,400.00"
2026-03-03,17,2026030305015675,BHDC,42,29,35,484.00,"16,940.00"
2026-03-03,18,2026030305015954,BHL,11,58,100,204.90,"20,490.00"
2026-03-03,19,2026030305015892,BHL,11,59,400,204.70,"81,880.00"
2026-03-03,20,2026030305015879,BHL,42,58,70,204.50,"14,315.00"
2026-03-03,21,2026030305015876,BHL,34,71,"1,326",205.00,"271,830.00"
2026-03-03,22,2026030305015875,BHL,34,58,200,205.00,"41,000.00"
2026-03-03,23,2026030305015874,BHL,34,11,400,205.00,"82,000.00"
2026-03-03,24,2026030305015591,BHL,49,19,55,204.60,"11,253.00"
2026-03-03,25,2026030305015636,BHL,52,43,44,204.90,"9,015.60"
2026-03-03,26,2026030305015635,BHL,52,4,100,204.90,"20,490.00"
2026-03-03,27,2026030305015634,BHL,52,92,46,204.90,"9,425.40"
2026-03-03,28,2026030305015633,BHL,52,32,50,204.80,"10,240.00"
2026-03-03,29,2026030305015607,BHL,16,35,310,204.60,"63,426.00"
2026-03-03,30,2026030305015600,BHL,57,35,50,204.60,"10,230.00"
2026-03-03,31,2026030305015773,BHL,4,42,100,204.70,"20,470.00"
2026-03-03,32,2026030305015740,BHL,42,69,74,204.50,"15,133.00"
2026-03-03,33,2026030305015739,BHL,41,69,56,204.50,"11,452.00"
2026-03-03,34,2026030305015738,BHL,16,69,170,204.60,"34,782.00"
2026-03-03,35,2026030305015713,BHL,16,49,70,204.60,"14,322.00"
2026-03-03,36,2026030305015655,BHL,16,14,"1,000",204.60,"204,600.00"
2026-03-03,37,2026030305015855,BHL,34,13,10,205.00,"2,050.00"
2026-03-03,38,2026030305015854,BHL,34,32,100,204.90,"20,490.00"
2026-03-03,39,2026030305015853,BHL,34,45,100,204.90,"20,490.00"
2026-03-03,40,2026030305015852,BHL,34,43,456,204.90,"93,434.40"
2026-03-03,41,2026030305015851,BHL,34,42,115,204.70,"23,540.50"
2026-03-03,42,2026030305015850,BHL,34,42,100,204.60,"20,460.00"
2026-03-03,43,2026030305015861,BHL,34,58,20,205.00,"4,100.00"
2026-03-03,44,2026030305015860,BHL,34,55,30,205.00,"6,150.00"
2026-03-03,45,2026030305015859,BHL,34,49,15,205.00,"3,075.00"
2026-03-03,46,2026030305015858,BHL,34,90,100,205.00,"20,500.00"
2026-03-03,47,2026030305015857,BHL,34,49,"2,000",205.00,"410,000.00"
2026-03-03,48,2026030305015856,BHL,34,45,"2,000",205.00,"410,000.00"
2026-03-03,49,2026030305015867,BHL,34,58,10,205.00,"2,050.00"
2026-03-03,50,2026030305015866,BHL,34,91,10,205.00,"2,050.00"
2026-03-03,51,2026030305015865,BHL,34,57,28,205.00,"5,740.00"
2026-03-03,52,2026030305015864,BHL,34,57,800,205.00,"164,000.00"
2026-03-03,53,2026030305015863,BHL,34,19,"1,000",205.00,"205,000.00"
2026-03-03,54,2026030305015862,BHL,34,57,"1,000",205.00,"205,000.00"
2026-03-03,55,2026030305015873,BHL,34,11,70,205.00,"14,350.00"
2026-03-03,56,2026030305015872,BHL,34,42,500,205.00,"102,500.00"
2026-03-03,57,2026030305015871,BHL,34,34,500,205.00,"102,500.00"
2026-03-03,58,2026030305015870,BHL,34,58,10,205.00,"2,050.00"
2026-03-03,59,2026030305015869,BHL,34,38,50,205.00,"10,250.00"
2026-03-03,60,2026030305015868,BHL,34,35,50,205.00,"10,250.00"
2026-03-03,61,2026030305015801,BHPL,53,26,200,579.80,"115,960.00"
2026-03-03,62,2026030305015743,BHPL,42,26,170,579.80,"98,566.00"
2026-03-03,63,2026030305015845,BNHC,37,58,288,350.00,"100,800.00"
2026-03-03,64,2026030305015844,BNHC,37,21,166,350.00,"58,100.00"
2026-03-03,65,2026030305015834,BNHC,55,21,85,350.00,"29,750.00"
2026-03-03,66,2026030305015820,BNHC,45,21,561,347.00,"194,667.00"
2026-03-03,67,2026030305015819,BNHC,45,21,400,348.00,"139,200.00"
2026-03-03,68,2026030305015818,BNHC,45,21,100,348.00,"34,800.00"
2026-03-03,69,2026030305015817,BNHC,32,21,10,348.00,"3,480.00"
2026-03-03,70,2026030305015816,BNHC,94,21,429,348.00,"149,292.00"
2026-03-03,71,2026030305015771,BNHC,74,14,100,348.60,"34,860.00"
2026-03-03,72,2026030305015588,BNHC,58,21,40,350.00,"14,000.00"
2026-03-03,73,2026030305015953,CHDC,6,43,70,"2,534.90","177,443.00"
2026-03-03,74,2026030305015952,CHDC,6,16,30,"2,534.90","76,047.00"
2026-03-03,75,2026030305015802,CHDC,46,56,10,"2,530.00","25,300.00"
2026-03-03,76,2026030305015595,CHDC,66,56,50,"2,529.00","126,450.00"
2026-03-03,77,2026030305015969,CIT,46,13,20,"1,803.00","36,060.00"
2026-03-03,78,2026030305015715,CIT,7,22,15,"1,800.00","27,000.00"
2026-03-03,79,2026030305015991,CKHL,92,35,379,723.00,"274,017.00"
2026-03-03,80,2026030305015990,CKHL,92,62,222,723.00,"160,506.00"
2026-03-03,81,2026030305015989,CKHL,92,3,490,703.20,"344,568.00"
2026-03-03,82,2026030305015988,CKHL,92,10,108,700.80,"75,686.40"
2026-03-03,83,2026030305015987,CKHL,92,35,20,700.80,"14,016.00"
2026-03-03,84,2026030305015986,CKHL,92,58,10,700.60,"7,006.00"
2026-03-03,85,2026030305015985,CKHL,92,35,20,700.60,"14,012.00"
2026-03-03,86,2026030305015984,CKHL,92,29,41,699.90,"28,695.90"
2026-03-03,87,2026030305015983,CKHL,92,41,10,688.00,"6,880.00"
2026-03-03,88,2026030305015833,CKHL,32,41,10,688.00,"6,880.00"
2026-03-03,89,2026030305016026,CLI,13,48,100,473.80,"47,380.00"
2026-03-03,90,2026030305015745,CLI,38,35,79,473.00,"37,367.00"
2026-03-03,91,2026030305015605,CLI,38,11,69,473.00,"32,637.00"
2026-03-03,92,2026030305015604,CLI,75,11,31,473.00,"14,663.00"
2026-03-03,93,2026030305015657,DOLTI,29,38,400,510.00,"204,000.00"
2026-03-03,94,2026030305015656,DOLTI,29,34,200,508.00,"101,600.00"
2026-03-03,95,2026030305015889,DORDI,6,25,50,283.00,"14,150.00"
2026-03-03,96,2026030305015835,DORDI,74,48,200,283.50,"56,700.00"
2026-03-03,97,2026030305015578,DORDI,6,49,10,283.00,"2,830.00"
2026-03-03,98,2026030305015913,EHPL,91,39,979,419.00,"410,201.00"
2026-03-03,99,2026030305015912,EHPL,45,39,327,419.00,"137,013.00"
2026-03-03,100,2026030305015911,EHPL,34,39,100,419.10,"41,910.00"
2026-03-03,101,2026030305015910,EHPL,34,39,100,419.50,"41,950.00"
2026-03-03,102,2026030305015909,EHPL,47,39,34,420.00,"14,280.00"
2026-03-03,103,2026030305015848,EHPL,47,45,20,420.00,"8,400.00"
2026-03-03,104,2026030305015722,EHPL,47,91,36,420.00,"15,120.00"
2026-03-03,105,2026030305015721,EHPL,47,52,300,420.00,"126,000.00"
2026-03-03,106,2026030305015720,EHPL,47,68,50,420.00,"21,000.00"
2026-03-03,107,2026030305015719,EHPL,47,3,560,420.00,"235,200.00"
2026-03-03,108,2026030305015593,EHPL,33,3,200,420.00,"84,000.00"
2026-03-03,109,2026030305015944,ENL,58,41,149,935.00,"139,315.00"
2026-03-03,110,2026030305015943,ENL,58,34,10,935.00,"9,350.00"
2026-03-03,111,2026030305015942,ENL,58,58,10,934.00,"9,340.00"
2026-03-03,112,2026030305015941,ENL,58,42,21,934.00,"19,614.00"
2026-03-03,113,2026030305015940,ENL,58,33,10,933.00,"9,330.00"
2026-03-03,114,2026030305015947,GCIL,52,16,10,425.50,"4,255.00"
2026-03-03,115,2026030305016007,GVL,42,50,"1,000",494.80,"494,800.00"
2026-03-03,116,2026030305015799,GVL,55,50,100,494.80,"49,480.00"
2026-03-03,117,2026030305015736,GVL,48,50,10,494.80,"4,948.00"
2026-03-03,118,2026030305016010,HATHY,58,32,10,919.00,"9,190.00"
2026-03-03,119,2026030305015995,HDL,46,57,10,"1,158.80","11,588.00"
2026-03-03,120,2026030305015618,HDL,26,1,25,"1,155.30","28,882.50"
2026-03-03,121,2026030305015617,HDL,57,1,35,"1,156.00","40,460.00"
2026-03-03,122,2026030305015620,HDL,1,1,10,"1,155.20","11,552.00"
2026-03-03,123,2026030305015619,HDL,4,1,20,"1,155.30","23,106.00"
2026-03-03,124,2026030305015959,HHL,38,14,89,342.90,"30,518.10"
2026-03-03,125,2026030305015908,HHL,38,71,100,342.90,"34,290.00"
2026-03-03,126,2026030305015907,HHL,38,59,61,342.90,"20,916.90"
2026-03-03,127,2026030305015903,HHL,42,45,525,342.00,"179,550.00"
2026-03-03,128,2026030305015902,HHL,19,45,500,342.10,"171,050.00"
2026-03-03,129,2026030305015901,HHL,39,45,50,342.10,"17,105.00"
2026-03-03,130,2026030305015622,HHL,13,38,60,342.50,"20,550.00"
2026-03-03,131,2026030305015621,HHL,7,38,80,342.70,"27,416.00"
2026-03-03,132,2026030305015602,HHL,7,34,120,342.70,"41,124.00"
2026-03-03,133,2026030305015900,HHL,57,45,100,342.20,"34,220.00"
2026-03-03,134,2026030305015899,HHL,39,45,50,342.30,"17,115.00"
2026-03-03,135,2026030305015680,HHL,38,59,39,342.90,"13,373.10"
2026-03-03,136,2026030305015679,HHL,38,19,80,342.80,"27,424.00"
2026-03-03,137,2026030305015678,HHL,38,28,21,342.80,"7,198.80"
2026-03-03,138,2026030305015677,HHL,38,38,360,342.50,"123,300.00"
2026-03-03,139,2026030305016049,HIDCL,35,43,171,266.40,"45,554.40"
2026-03-03,140,2026030305016048,HIDCL,35,52,589,266.40,"156,909.60"
2026-03-03,141,2026030305016047,HIDCL,35,19,240,266.10,"63,864.00"
2026-03-03,142,2026030305016014,HIDCL,59,19,100,266.10,"26,610.00"
2026-03-03,143,2026030305016013,HIDCL,34,19,500,266.10,"133,050.00"
2026-03-03,144,2026030305016009,HIDCL,49,52,21,266.40,"5,594.40"
2026-03-03,145,2026030305016003,HIDCL,62,52,10,266.40,"2,664.00"
2026-03-03,146,2026030305015885,HIDCL,41,52,10,266.40,"2,664.00"
2026-03-03,147,2026030305015824,HIDCL,49,52,100,266.40,"26,640.00"
2026-03-03,148,2026030305015780,HIDCL,58,52,100,266.40,"26,640.00"
2026-03-03,149,2026030305015717,HIDCL,38,52,20,266.40,"5,328.00"
2026-03-03,150,2026030305015649,HIDCL,49,52,100,266.40,"26,640.00"
2026-03-03,151,2026030305015747,HRL,75,17,43,858.90,"36,932.70"
2026-03-03,152,2026030305015706,HRL,34,90,147,860.00,"126,420.00"
2026-03-03,153,2026030305015705,HRL,34,7,10,860.00,"8,600.00"
2026-03-03,154,2026030305015704,HRL,34,45,29,860.00,"24,940.00"
2026-03-03,155,2026030305015703,HRL,34,36,500,859.90,"429,950.00"
2026-03-03,156,2026030305015702,HRL,34,41,20,859.80,"17,196.00"
2026-03-03,157,2026030305015681,HRL,36,94,95,857.00,"81,415.00"
2026-03-03,158,2026030305015579,HRL,36,54,95,857.00,"81,415.00"
2026-03-03,159,2026030305015695,HRL,34,35,900,858.90,"773,010.00"
2026-03-03,160,2026030305015694,HRL,34,40,98,858.60,"84,142.80"
2026-03-03,161,2026030305015693,HRL,34,94,360,857.00,"308,520.00"
2026-03-03,162,2026030305015684,HRL,1,94,500,857.00,"428,500.00"
2026-03-03,163,2026030305015683,HRL,58,94,35,857.00,"29,995.00"
2026-03-03,164,2026030305015682,HRL,42,94,10,857.00,"8,570.00"
2026-03-03,165,2026030305015701,HRL,34,8,20,859.80,"17,196.00"
2026-03-03,166,2026030305015700,HRL,34,34,"1,000",859.80,"859,800.00"
2026-03-03,167,2026030305015699,HRL,34,58,500,859.80,"429,900.00"
2026-03-03,168,2026030305015698,HRL,34,26,30,859.00,"25,770.00"
2026-03-03,169,2026030305015697,HRL,34,58,108,859.00,"92,772.00"
2026-03-03,170,2026030305015696,HRL,34,25,32,858.90,"27,484.80"
2026-03-03,171,2026030305015726,IHL,1,42,50,526.00,"26,300.00"
2026-03-03,172,2026030305015800,IHL,5,45,230,526.00,"120,980.00"
2026-03-03,173,2026030305015840,IHL,4,45,10,526.00,"5,260.00"
2026-03-03,174,2026030305015992,ILI,58,55,12,447.00,"5,364.00"
2026-03-03,175,2026030305015608,ILI,41,56,12,446.00,"5,352.00"
2026-03-03,176,2026030305015553,ILI,32,34,40,447.00,"17,880.00"
2026-03-03,177,2026030305015886,KBSH,94,32,10,"1,684.00","16,840.00"
2026-03-03,178,2026030305015730,MBJC,51,7,275,294.40,"80,960.00"
2026-03-03,179,2026030305015632,MBJC,52,42,10,294.00,"2,940.00"
2026-03-03,180,2026030305015601,MBJC,21,43,200,294.30,"58,860.00"
2026-03-03,181,2026030305015580,MBJC,52,58,75,294.00,"22,050.00"
2026-03-03,182,2026030305015915,MCHL,77,32,10,421.50,"4,215.00"
2026-03-03,183,2026030305015914,MCHL,77,43,20,421.40,"8,428.00"
2026-03-03,184,2026030305016024,MEHL,36,42,10,445.00,"4,450.00"
2026-03-03,185,2026030305015762,MEHL,62,45,10,443.80,"4,438.00"
2026-03-03,186,2026030305015572,MEHL,65,57,90,440.70,"39,663.00"
2026-03-03,187,2026030305015571,MEHL,42,57,70,441.00,"30,870.00"
2026-03-03,188,2026030305015765,MEHL,62,60,10,444.00,"4,440.00"
2026-03-03,189,2026030305015764,MEHL,62,91,145,444.00,"64,380.00"
2026-03-03,190,2026030305015763,MEHL,62,45,10,443.90,"4,439.00"
2026-03-03,191,2026030305015849,MHCL,42,59,250,361.00,"90,250.00"
2026-03-03,192,2026030305015767,MHCL,21,50,635,358.00,"227,330.00"
2026-03-03,193,2026030305015766,MHCL,26,50,365,359.00,"131,035.00"
2026-03-03,194,2026030305015616,MHCL,26,50,135,359.00,"48,465.00"
2026-03-03,195,2026030305015615,MHCL,7,50,100,360.00,"36,000.00"
2026-03-03,196,2026030305015614,MHCL,80,50,10,360.00,"3,600.00"
2026-03-03,197,2026030305015613,MHCL,26,50,429,360.00,"154,440.00"
2026-03-03,198,2026030305015612,MHCL,29,50,100,360.10,"36,010.00"
2026-03-03,199,2026030305015893,MHL,19,34,10,525.60,"5,256.00"
2026-03-03,200,2026030305015891,MHL,19,34,10,525.60,"5,256.00"
2026-03-03,201,2026030305015652,MHL,7,1,200,523.60,"104,720.00"
2026-03-03,202,2026030305015556,MHL,42,44,109,524.00,"57,116.00"
2026-03-03,203,2026030305015651,MHL,19,34,10,525.60,"5,256.00"
2026-03-03,204,2026030305015560,MHL,7,44,"1,055",523.60,"552,398.00"
2026-03-03,205,2026030305015559,MHL,7,44,351,523.60,"183,783.60"
2026-03-03,206,2026030305015558,MHL,34,44,15,523.70,"7,855.50"
2026-03-03,207,2026030305015557,MHL,38,44,180,524.00,"94,320.00"
2026-03-03,208,2026030305015770,MKHC,55,63,50,333.00,"16,650.00"
2026-03-03,209,2026030305015724,MKHC,48,48,10,332.00,"3,320.00"
2026-03-03,210,2026030305015676,MKHC,45,14,500,332.00,"166,000.00"
2026-03-03,211,2026030305015552,MKHC,58,42,21,331.00,"6,951.00"
2026-03-03,212,2026030305015551,MKHC,45,42,100,331.10,"33,110.00"
2026-03-03,213,2026030305015575,MKHC,45,49,500,332.00,"166,000.00"
2026-03-03,214,2026030305016038,MKHL,17,54,10,800.00,"8,000.00"
2026-03-03,215,2026030305016037,MKHL,17,56,10,798.80,"7,988.00"
2026-03-03,216,2026030305016036,MKHL,17,58,83,798.70,"66,292.10"
2026-03-03,217,2026030305016035,MKHL,17,35,20,798.00,"15,960.00"
2026-03-03,218,2026030305016034,MKHL,17,6,10,798.00,"7,980.00"
2026-03-03,219,2026030305016033,MKHL,17,35,20,796.00,"15,920.00"
2026-03-03,220,2026030305015951,MKHL,74,38,10,788.90,"7,889.00"
2026-03-03,221,2026030305015888,MKHL,74,38,50,788.90,"39,445.00"
2026-03-03,222,2026030305016032,MKHL,17,38,200,794.50,"158,900.00"
2026-03-03,223,2026030305016031,MKHL,17,35,20,790.00,"15,800.00"
2026-03-03,224,2026030305016030,MKHL,17,11,10,790.00,"7,900.00"
2026-03-03,225,2026030305016029,MKHL,17,38,30,790.00,"23,700.00"
2026-03-03,226,2026030305016028,MKHL,17,32,10,789.00,"7,890.00"
2026-03-03,227,2026030305016027,MKHL,17,39,70,789.00,"55,230.00"
2026-03-03,228,2026030305015781,MMKJL,43,57,10,579.00,"5,790.00"
2026-03-03,229,2026030305015752,MMKJL,44,53,20,573.10,"11,462.00"
2026-03-03,230,2026030305015751,MMKJL,47,53,20,573.20,"11,464.00"
2026-03-03,231,2026030305015750,MMKJL,96,53,10,575.00,"5,750.00"
2026-03-03,232,2026030305015795,MSHL,58,6,100,790.00,"79,000.00"
2026-03-03,233,2026030305015794,MSHL,48,6,140,790.00,"110,600.00"
2026-03-03,234,2026030305016039,NIFRA,17,38,10,267.80,"2,678.00"
2026-03-03,235,2026030305016023,NIFRA,6,57,215,267.00,"57,405.00"
2026-03-03,236,2026030305016022,NIFRA,38,57,21,267.00,"5,607.00"
2026-03-03,237,2026030305016021,NIFRA,42,57,54,267.00,"14,418.00"
2026-03-03,238,2026030305016020,NIFRA,42,57,20,267.10,"5,342.00"
2026-03-03,239,2026030305016019,NIFRA,48,57,190,267.50,"50,825.00"
2026-03-03,240,2026030305015814,NIFRA,35,3,50,267.00,"13,350.00"
2026-03-03,241,2026030305015813,NIFRA,32,3,"1,000",267.00,"267,000.00"
2026-03-03,242,2026030305015812,NIFRA,57,3,84,267.00,"22,428.00"
2026-03-03,243,2026030305015798,NIFRA,35,38,14,267.70,"3,747.80"
2026-03-03,244,2026030305015772,NIFRA,65,38,50,267.70,"13,385.00"
2026-03-03,245,2026030305015723,NIFRA,47,35,30,267.80,"8,034.00"
2026-03-03,246,2026030305015945,NIFRA,48,4,10,267.50,"2,675.00"
2026-03-03,247,2026030305015883,NIFRA,48,48,100,267.50,"26,750.00"
2026-03-03,248,2026030305015843,NIFRA,41,38,27,267.80,"7,230.60"
2026-03-03,249,2026030305015842,NIFRA,41,35,70,267.80,"18,746.00"
2026-03-03,250,2026030305015841,NIFRA,41,38,226,267.70,"60,500.20"
2026-03-03,251,2026030305015815,NIFRA,42,3,266,267.00,"71,022.00"
2026-03-03,252,2026030305015898,NRIC,49,7,10,"1,250.00","12,500.00"
2026-03-03,253,2026030305015882,NRIC,58,45,10,"1,247.70","12,477.00"
2026-03-03,254,2026030305015790,NRIC,40,7,151,"1,250.00","188,750.00"
2026-03-03,255,2026030305015789,NRIC,40,50,150,"1,249.00","187,350.00"
2026-03-03,256,2026030305015788,NRIC,40,34,350,"1,249.00","437,150.00"
2026-03-03,257,2026030305015768,NRIC,56,11,40,"1,247.70","49,908.00"
2026-03-03,258,2026030305015654,NRIC,50,6,150,"1,247.20","187,080.00"
2026-03-03,259,2026030305015787,NRIC,40,60,50,"1,249.00","62,450.00"
2026-03-03,260,2026030305015786,NRIC,40,36,50,"1,249.00","62,450.00"
2026-03-03,261,2026030305015785,NRIC,40,11,100,"1,248.00","124,800.00"
2026-03-03,262,2026030305015784,NRIC,40,48,109,"1,248.00","136,032.00"
2026-03-03,263,2026030305015783,NRIC,40,53,40,"1,247.80","49,912.00"
2026-03-03,264,2026030305015769,NRIC,56,53,60,"1,247.80","74,868.00"
2026-03-03,265,2026030305016004,NRM,34,48,10,428.00,"4,280.00"
2026-03-03,266,2026030305015643,NRM,42,41,343,427.10,"146,495.30"
2026-03-03,267,2026030305015642,NRM,45,41,20,427.20,"8,544.00"
2026-03-03,268,2026030305015641,NRM,32,41,62,427.20,"26,486.40"
2026-03-03,269,2026030305015640,NRM,17,41,100,427.30,"42,730.00"
2026-03-03,270,2026030305015639,NRM,41,41,10,427.40,"4,274.00"
2026-03-03,271,2026030305015638,NRM,22,41,20,428.00,"8,560.00"
2026-03-03,272,2026030305015637,NRM,26,41,180,428.00,"77,040.00"
2026-03-03,273,2026030305016045,NRN,84,45,10,"1,552.00","15,520.00"
2026-03-03,274,2026030305015999,NRN,58,45,60,"1,552.00","93,120.00"
2026-03-03,275,2026030305015998,NRN,58,59,40,"1,539.80","61,592.00"
2026-03-03,276,2026030305015994,NRN,58,59,10,"1,539.80","15,398.00"
2026-03-03,277,2026030305015566,NRN,58,38,15,"1,525.00","22,875.00"
2026-03-03,278,2026030305015565,NRN,58,58,21,"1,525.00","32,025.00"
2026-03-03,279,2026030305015564,NRN,58,43,"1,000","1,524.90","1,524,900.00"
2026-03-03,280,2026030305015563,NRN,58,58,25,"1,524.90","38,122.50"
2026-03-03,281,2026030305015570,NRN,58,72,214,"1,529.50","327,313.00"
2026-03-03,282,2026030305015569,NRN,58,47,75,"1,529.00","114,675.00"
2026-03-03,283,2026030305015568,NRN,58,28,10,"1,529.00","15,290.00"
2026-03-03,284,2026030305015567,NRN,58,57,140,"1,525.00","213,500.00"
2026-03-03,285,2026030305015627,NRN,58,58,430,"1,530.00","657,900.00"
2026-03-03,286,2026030305015626,NRN,58,16,100,"1,530.00","153,000.00"
2026-03-03,287,2026030305015625,NRN,58,62,500,"1,529.90","764,950.00"
2026-03-03,288,2026030305015624,NRN,58,55,18,"1,529.90","27,538.20"
2026-03-03,289,2026030305015755,NRN,58,32,90,"1,538.00","138,420.00"
2026-03-03,290,2026030305015754,NRN,58,6,139,"1,537.00","213,643.00"
2026-03-03,291,2026030305015631,NRN,58,6,361,"1,537.00","554,857.00"
2026-03-03,292,2026030305015630,NRN,58,58,80,"1,536.00","122,880.00"
2026-03-03,293,2026030305015629,NRN,58,17,500,"1,530.00","765,000.00"
2026-03-03,294,2026030305015628,NRN,58,52,11,"1,530.00","16,830.00"
2026-03-03,295,2026030305015761,NRN,58,32,166,"1,539.90","255,623.40"
2026-03-03,296,2026030305015760,NRN,58,91,210,"1,539.00","323,190.00"
2026-03-03,297,2026030305015759,NRN,58,55,50,"1,539.00","76,950.00"
2026-03-03,298,2026030305015758,NRN,58,48,50,"1,539.00","76,950.00"
2026-03-03,299,2026030305015757,NRN,58,33,195,"1,539.00","300,105.00"
2026-03-03,300,2026030305015756,NRN,58,7,100,"1,538.40","153,840.00"
2026-03-03,301,2026030305015921,NRN,58,26,29,"1,540.00","44,660.00"
2026-03-03,302,2026030305015920,NRN,58,58,10,"1,540.00","15,400.00"
2026-03-03,303,2026030305015919,NRN,58,16,20,"1,540.00","30,800.00"
2026-03-03,304,2026030305015918,NRN,58,34,220,"1,540.00","338,800.00"
2026-03-03,305,2026030305015917,NRN,58,101,500,"1,540.00","770,000.00"
2026-03-03,306,2026030305015916,NRN,58,32,834,"1,539.90","1,284,276.60"
2026-03-03,307,2026030305015927,NRN,58,46,11,"1,542.00","16,962.00"
2026-03-03,308,2026030305015926,NRN,58,4,10,"1,542.00","15,420.00"
2026-03-03,309,2026030305015925,NRN,58,42,100,"1,542.00","154,200.00"
2026-03-03,310,2026030305015924,NRN,58,91,100,"1,540.20","154,020.00"
2026-03-03,311,2026030305015923,NRN,58,59,100,"1,540.00","154,000.00"
2026-03-03,312,2026030305015922,NRN,58,56,11,"1,540.00","16,940.00"
2026-03-03,313,2026030305015933,NRN,58,74,150,"1,545.00","231,750.00"
2026-03-03,314,2026030305015932,NRN,58,43,80,"1,545.00","123,600.00"
2026-03-03,315,2026030305015931,NRN,58,19,10,"1,544.90","15,449.00"
2026-03-03,316,2026030305015930,NRN,58,42,140,"1,543.00","216,020.00"
2026-03-03,317,2026030305015929,NRN,58,22,58,"1,542.20","89,447.60"
2026-03-03,318,2026030305015928,NRN,58,40,11,"1,542.20","16,964.20"
2026-03-03,319,2026030305015939,NRN,58,45,26,"1,552.00","40,352.00"
2026-03-03,320,2026030305015938,NRN,58,35,50,"1,551.00","77,550.00"
2026-03-03,321,2026030305015937,NRN,58,58,500,"1,550.00","775,000.00"
2026-03-03,322,2026030305015936,NRN,58,42,10,"1,548.00","15,480.00"
2026-03-03,323,2026030305015935,NRN,58,55,10,"1,546.00","15,460.00"
2026-03-03,324,2026030305015934,NRN,58,19,10,"1,545.90","15,459.00"
2026-03-03,325,2026030305016002,NTC,33,49,400,872.00,"348,800.00"
2026-03-03,326,2026030305015975,NTC,25,49,45,872.00,"39,240.00"
2026-03-03,327,2026030305015727,NTC,41,43,130,871.00,"113,230.00"
2026-03-03,328,2026030305015895,NYADI,49,28,50,405.00,"20,250.00"
2026-03-03,329,2026030305015714,NYADI,35,58,90,403.00,"36,270.00"
2026-03-03,330,2026030305016017,PHCL,52,77,200,299.00,"59,800.00"
2026-03-03,331,2026030305015973,PHCL,45,77,151,299.00,"45,149.00"
2026-03-03,332,2026030305015955,PHCL,45,63,100,299.00,"29,900.00"
2026-03-03,333,2026030305015793,PHCL,45,49,200,299.00,"59,800.00"
2026-03-03,334,2026030305015741,PHCL,45,42,622,299.00,"185,978.00"
2026-03-03,335,2026030305015692,PHCL,45,32,500,299.00,"149,500.00"
2026-03-03,336,2026030305015672,PHCL,42,22,100,298.50,"29,850.00"
2026-03-03,337,2026030305015598,PHCL,42,57,138,298.50,"41,193.00"
2026-03-03,338,2026030305015597,PHCL,18,48,"1,980",298.10,"590,238.00"
2026-03-03,339,2026030305015596,PHCL,49,48,20,298.20,"5,964.00"
2026-03-03,340,2026030305015562,PHCL,18,58,111,298.10,"33,089.10"
2026-03-03,341,2026030305015561,PHCL,39,58,889,298.10,"265,010.90"
2026-03-03,342,2026030305015691,PHCL,45,42,90,299.00,"26,910.00"
2026-03-03,343,2026030305015690,PHCL,45,39,100,299.00,"29,900.00"
2026-03-03,344,2026030305015689,PHCL,45,19,"1,150",299.00,"343,850.00"
2026-03-03,345,2026030305015688,PHCL,45,60,10,299.00,"2,990.00"
2026-03-03,346,2026030305015687,PHCL,45,38,477,299.00,"142,623.00"
2026-03-03,347,2026030305015686,PHCL,45,63,100,298.90,"29,890.00"
2026-03-03,348,2026030305016018,PPL,36,26,530,392.00,"207,760.00"
2026-03-03,349,2026030305015993,PPL,48,26,450,392.00,"176,400.00"
2026-03-03,350,2026030305015847,PPL,48,26,"1,000",392.00,"392,000.00"
2026-03-03,351,2026030305015811,PPL,45,25,935,391.00,"365,585.00"
2026-03-03,352,2026030305015810,PPL,58,25,15,391.00,"5,865.00"
2026-03-03,353,2026030305015809,PPL,16,25,50,391.00,"19,550.00"
2026-03-03,354,2026030305015742,PPL,19,26,"1,000",392.00,"392,000.00"
2026-03-03,355,2026030305015673,PPL,6,26,500,392.00,"196,000.00"
2026-03-03,356,2026030305015671,PPL,41,26,220,392.00,"86,240.00"
2026-03-03,357,2026030305015606,PPL,39,26,10,392.00,"3,920.00"
2026-03-03,358,2026030305015587,PPL,39,28,250,392.00,"98,000.00"
2026-03-03,359,2026030305015586,PPL,19,28,983,392.00,"385,336.00"
2026-03-03,360,2026030305016040,RAWA,6,80,10,722.00,"7,220.00"
2026-03-03,361,2026030305016050,RFPL,8,3,10,400.00,"4,000.00"
2026-03-03,362,2026030305015997,RFPL,45,3,617,400.00,"246,800.00"
2026-03-03,363,2026030305015996,RFPL,45,38,383,400.00,"153,200.00"
2026-03-03,364,2026030305015890,RFPL,45,38,80,400.00,"32,000.00"
2026-03-03,365,2026030305015823,RFPL,14,58,20,399.90,"7,998.00"
2026-03-03,366,2026030305015822,RFPL,64,38,187,400.00,"74,800.00"
2026-03-03,367,2026030305015821,RFPL,64,21,233,400.00,"93,200.00"
2026-03-03,368,2026030305015585,RFPL,58,49,30,399.00,"11,970.00"
2026-03-03,369,2026030305015584,RFPL,45,49,790,399.00,"315,210.00"
2026-03-03,370,2026030305015583,RFPL,74,49,300,399.10,"119,730.00"
2026-03-03,371,2026030305015555,RFPL,74,5,50,399.10,"19,955.00"
2026-03-03,372,2026030305016044,RHGCL,33,59,86,286.00,"24,596.00"
2026-03-03,373,2026030305016043,RHGCL,26,59,14,286.10,"4,005.40"
2026-03-03,374,2026030305015880,RHGCL,49,25,10,286.90,"2,869.00"
2026-03-03,375,2026030305015796,RHGCL,58,25,73,286.90,"20,943.70"
2026-03-03,376,2026030305015746,RHGCL,38,58,10,286.60,"2,866.00"
2026-03-03,377,2026030305015896,RNLI,51,42,11,481.00,"5,291.00"
2026-03-03,378,2026030305015807,RNLI,58,42,100,481.20,"48,120.00"
2026-03-03,379,2026030305015774,RNLI,48,22,200,481.20,"96,240.00"
2026-03-03,380,2026030305015737,RNLI,48,22,12,481.20,"5,774.40"
2026-03-03,381,2026030305015644,RNLI,48,50,200,481.20,"96,240.00"
2026-03-03,382,2026030305016046,SAHAS,49,57,50,589.00,"29,450.00"
2026-03-03,383,2026030305015949,SAHAS,38,57,50,589.00,"29,450.00"
2026-03-03,384,2026030305015906,SAHAS,55,34,674,588.30,"396,514.20"
2026-03-03,385,2026030305015905,SAHAS,42,34,128,588.60,"75,340.80"
2026-03-03,386,2026030305015904,SAHAS,4,34,37,588.70,"21,781.90"
2026-03-03,387,2026030305015749,SAHAS,1,57,100,589.00,"58,900.00"
2026-03-03,388,2026030305015685,SAHAS,58,34,95,589.70,"56,021.50"
2026-03-03,389,2026030305015648,SAHAS,39,58,30,589.00,"17,670.00"
2026-03-03,390,2026030305015647,SAHAS,16,58,70,589.10,"41,237.00"
2026-03-03,391,2026030305015590,SAHAS,35,34,46,589.70,"27,126.20"
2026-03-03,392,2026030305015589,SAHAS,35,32,79,589.40,"46,562.60"
2026-03-03,393,2026030305015735,SAHAS,46,57,100,589.00,"58,900.00"
2026-03-03,394,2026030305015734,SAHAS,58,57,90,589.00,"53,010.00"
2026-03-03,395,2026030305015733,SAHAS,54,57,50,589.00,"29,450.00"
2026-03-03,396,2026030305015732,SAHAS,39,57,43,589.00,"25,327.00"
2026-03-03,397,2026030305015731,SAHAS,6,57,400,589.50,"235,800.00"
2026-03-03,398,2026030305015716,SAHAS,39,42,102,589.00,"60,078.00"
2026-03-03,399,2026030305015976,SANVI,45,10,10,839.00,"8,390.00"
2026-03-03,400,2026030305015729,SANVI,45,63,110,840.00,"92,400.00"
2026-03-03,401,2026030305015728,SANVI,45,42,90,839.90,"75,591.00"
2026-03-03,402,2026030305015725,SANVI,35,42,10,839.90,"8,399.00"
2026-03-03,403,2026030305015594,SANVI,35,21,10,827.30,"8,273.00"
2026-03-03,404,2026030305015554,SANVI,55,52,9,829.00,"7,461.00"
2026-03-03,405,2026030305015972,SGHC,51,54,30,400.50,"12,015.00"
2026-03-03,406,2026030305016008,SHIVM,58,34,20,632.00,"12,640.00"
2026-03-03,407,2026030305015958,SHIVM,98,34,130,632.20,"82,186.00"
2026-03-03,408,2026030305015957,SHIVM,98,35,100,632.00,"63,200.00"
2026-03-03,409,2026030305015956,SHIVM,98,57,770,632.00,"486,640.00"
2026-03-03,410,2026030305015948,SHIVM,58,33,50,631.90,"31,595.00"
2026-03-03,411,2026030305015808,SHIVM,58,57,100,632.00,"63,200.00"
2026-03-03,412,2026030305015623,SHIVM,34,58,1,629.00,629.00
2026-03-03,413,2026030305015592,SHIVM,8,53,12,632.00,"7,584.00"
2026-03-03,414,2026030305015577,SHIVM,8,42,102,632.00,"64,464.00"
2026-03-03,415,2026030305015576,SHIVM,8,53,520,632.00,"328,640.00"
2026-03-03,416,2026030305015664,SHIVM,21,20,100,632.00,"63,200.00"
2026-03-03,417,2026030305015663,SHIVM,42,20,36,632.00,"22,752.00"
2026-03-03,418,2026030305015662,SHIVM,39,20,30,632.00,"18,960.00"
2026-03-03,419,2026030305015661,SHIVM,21,20,100,632.00,"63,200.00"
2026-03-03,420,2026030305015660,SHIVM,90,20,370,632.00,"233,840.00"
2026-03-03,421,2026030305015659,SHIVM,8,20,"1,185",632.00,"748,920.00"
2026-03-03,422,2026030305015670,SHIVM,58,20,464,631.90,"293,201.60"
2026-03-03,423,2026030305015669,SHIVM,36,20,500,631.90,"315,950.00"
2026-03-03,424,2026030305015668,SHIVM,49,20,390,631.90,"246,441.00"
2026-03-03,425,2026030305015667,SHIVM,58,20,100,632.00,"63,200.00"
2026-03-03,426,2026030305015666,SHIVM,58,20,200,632.00,"126,400.00"
2026-03-03,427,2026030305015665,SHIVM,68,20,50,632.00,"31,600.00"
2026-03-03,428,2026030305015792,SHIVM,45,57,20,632.00,"12,640.00"
2026-03-03,429,2026030305015744,SHIVM,74,57,100,632.00,"63,200.00"
2026-03-03,430,2026030305015718,SHIVM,42,57,10,632.00,"6,320.00"
2026-03-03,431,2026030305015711,SHIVM,7,42,65,633.00,"41,145.00"
2026-03-03,432,2026030305015710,SHIVM,7,4,160,633.00,"101,280.00"
2026-03-03,433,2026030305015709,SHIVM,7,48,775,633.00,"490,575.00"
2026-03-03,434,2026030305015887,SIKLES,52,39,380,616.00,"234,080.00"
2026-03-03,435,2026030305016025,SMATA,5,58,50,799.90,"39,995.00"
2026-03-03,436,2026030305016000,SMATA,42,39,92,799.00,"73,508.00"
2026-03-03,437,2026030305015806,SMH,45,41,38,635.00,"24,130.00"
2026-03-03,438,2026030305015645,SMH,6,41,25,635.00,"15,875.00"
2026-03-03,439,2026030305016012,SMHL,16,14,985,468.50,"461,472.50"
2026-03-03,440,2026030305016011,SMHL,44,14,15,468.80,"7,032.00"
2026-03-03,441,2026030305015971,SMHL,43,1,497,468.90,"233,043.30"
2026-03-03,442,2026030305015970,SMHL,43,59,503,468.80,"235,806.40"
2026-03-03,443,2026030305015838,SMHL,22,49,30,468.00,"14,040.00"
2026-03-03,444,2026030305015837,SMHL,41,49,20,468.00,"9,360.00"
2026-03-03,445,2026030305015779,SMHL,47,56,463,467.50,"216,452.50"
2026-03-03,446,2026030305015778,SMHL,58,56,82,467.70,"38,351.40"
2026-03-03,447,2026030305015777,SMHL,57,56,60,467.70,"28,062.00"
2026-03-03,448,2026030305015776,SMHL,58,56,20,468.00,"9,360.00"
2026-03-03,449,2026030305015650,SMHL,58,60,10,468.00,"4,680.00"
2026-03-03,450,2026030305015581,SMHL,67,36,"1,000",468.00,"468,000.00"
2026-03-03,451,2026030305016041,SMJC,48,7,10,474.00,"4,740.00"
2026-03-03,452,2026030305015950,SMJC,92,7,10,474.00,"4,740.00"
2026-03-03,453,2026030305015878,SONA,42,56,100,436.00,"43,600.00"
2026-03-03,454,2026030305015748,SONA,42,19,541,436.00,"235,876.00"
2026-03-03,455,2026030305015877,SPC,66,11,10,500.50,"5,005.00"
2026-03-03,456,2026030305015791,SPC,85,47,50,501.00,"25,050.00"
2026-03-03,457,2026030305015674,SPC,82,11,10,500.60,"5,006.00"
2026-03-03,458,2026030305015839,SPHL,41,34,10,550.00,"5,500.00"
2026-03-03,459,2026030305015804,STC,39,22,17,"6,090.00","103,530.00"
2026-03-03,460,2026030305015803,STC,39,7,23,"6,089.00","140,047.00"
2026-03-03,461,2026030305015658,STC,14,21,2,"6,060.00","12,120.00"
2026-03-03,462,2026030305015805,TAMOR,51,39,100,429.00,"42,900.00"
2026-03-03,463,2026030305015982,TPC,56,38,513,391.00,"200,583.00"
2026-03-03,464,2026030305015981,TPC,13,38,20,391.00,"7,820.00"
2026-03-03,465,2026030305015980,TPC,58,38,100,391.00,"39,100.00"
2026-03-03,466,2026030305015979,TPC,14,38,32,391.00,"12,512.00"
2026-03-03,467,2026030305015978,TPC,67,38,440,392.00,"172,480.00"
2026-03-03,468,2026030305015977,TPC,39,38,"2,995",393.00,"1,177,035.00"
2026-03-03,469,2026030305015782,TPC,29,48,200,392.00,"78,400.00"
2026-03-03,470,2026030305015603,TPC,49,3,9,389.10,"3,501.90"
2026-03-03,471,2026030305015574,TPC,29,49,160,392.90,"62,864.00"
2026-03-03,472,2026030305015573,TPC,29,25,430,392.00,"168,560.00"
2026-03-03,473,2026030305015829,TPC,39,35,75,393.00,"29,475.00"
2026-03-03,474,2026030305015828,TPC,39,26,50,393.00,"19,650.00"
2026-03-03,475,2026030305015827,TPC,39,64,500,393.00,"196,500.00"
2026-03-03,476,2026030305015826,TPC,39,49,100,393.00,"39,300.00"
2026-03-03,477,2026030305015825,TPC,39,49,130,392.90,"51,077.00"
2026-03-03,478,2026030305015846,TPC,39,49,100,393.00,"39,300.00"
2026-03-03,479,2026030305015836,TPC,39,51,50,393.00,"19,650.00"
2026-03-03,480,2026030305015832,TPC,58,34,"1,350",393.50,"531,225.00"
2026-03-03,481,2026030305015831,TPC,58,13,150,393.40,"59,010.00"
2026-03-03,482,2026030305015830,TPC,58,13,500,393.40,"196,700.00"
2026-03-03,483,2026030305016005,TVCL,34,54,100,650.00,"65,000.00"
2026-03-03,484,2026030305015974,TVCL,34,54,10,650.00,"6,500.00"
2026-03-03,485,2026030305015582,TVCL,81,60,500,645.00,"322,500.00"
2026-03-03,486,2026030305015708,UHEWA,54,33,200,570.00,"114,000.00"
2026-03-03,487,2026030305015707,UHEWA,54,44,300,569.80,"170,940.00"
2026-03-03,488,2026030305015897,ULHC,100,95,250,564.80,"141,200.00"
2026-03-03,489,2026030305015894,ULHC,38,95,100,564.80,"56,480.00"
2026-03-03,490,2026030305015712,ULHC,38,95,150,564.80,"84,720.00"
2026-03-03,491,2026030305015610,ULHC,100,95,500,564.80,"282,400.00"
2026-03-03,492,2026030305016001,USHEC,29,57,100,480.30,"48,030.00"
2026-03-03,493,2026030305016016,USHL,32,7,10,729.80,"7,298.00"
2026-03-03,494,2026030305016015,USHL,32,74,10,729.00,"7,290.00"
2026-03-03,495,2026030305015960,USHL,34,74,10,729.00,"7,290.00"
2026-03-03,496,2026030305015884,USHL,49,74,30,729.00,"21,870.00"
2026-03-03,497,2026030305015797,USHL,49,57,20,729.00,"14,580.00"
2026-03-03,498,2026030305015775,USHL,49,74,50,729.00,"36,450.00"
2026-03-03,499,2026030305015753,USHL,49,14,50,729.00,"36,450.00"
2026-03-03,500,2026030305015599,USHL,32,7,10,729.80,"7,298.00"
2026-03-03,501,2026030305015434,AHL,75,36,100,504.90,"50,490.00"
2026-03-03,502,2026030305015498,BEDC,74,6,200,522.00,"104,400.00"
2026-03-03,503,2026030305015461,BEDC,60,6,270,522.00,"140,940.00"
2026-03-03,504,2026030305015251,BEDC,44,6,30,522.00,"15,660.00"
2026-03-03,505,2026030305015507,BGWT,57,26,64,766.00,"49,024.00"
2026-03-03,506,2026030305015400,BGWT,26,26,20,765.10,"15,302.00"
2026-03-03,507,2026030305015253,BGWT,49,26,10,768.50,"7,685.00"
2026-03-03,508,2026030305015535,BHDC,14,29,119,484.00,"57,596.00"
2026-03-03,509,2026030305015534,BHDC,14,8,100,484.00,"48,400.00"
2026-03-03,510,2026030305015533,BHDC,14,43,120,484.00,"58,080.00"
2026-03-03,511,2026030305015532,BHDC,14,16,11,483.90,"5,322.90"
2026-03-03,512,2026030305015531,BHL,58,19,30,204.60,"6,138.00"
2026-03-03,513,2026030305015453,BHL,35,19,115,204.60,"23,529.00"
2026-03-03,514,2026030305015431,BHL,35,32,500,204.60,"102,300.00"
2026-03-03,515,2026030305015430,BHL,62,57,250,204.80,"51,200.00"
2026-03-03,516,2026030305015421,BHL,16,57,150,204.80,"30,720.00"
2026-03-03,517,2026030305015311,BHL,35,19,885,204.60,"181,071.00"
2026-03-03,518,2026030305015063,BHL,45,35,25,204.70,"5,117.50"
2026-03-03,519,2026030305015059,BHL,45,52,25,204.70,"5,117.50"
2026-03-03,520,2026030305015241,BHL,33,58,275,204.80,"56,320.00"
2026-03-03,521,2026030305015215,BHL,33,52,25,204.80,"5,120.00"
2026-03-03,522,2026030305015203,BHL,57,4,"2,040",204.90,"417,996.00"
2026-03-03,523,2026030305015189,BHL,45,4,100,204.90,"20,490.00"
2026-03-03,524,2026030305015162,BHL,33,58,100,204.80,"20,480.00"
2026-03-03,525,2026030305015064,BHL,42,35,185,204.70,"37,869.50"
2026-03-03,526,2026030305015310,BHL,42,19,15,204.70,"3,070.50"
2026-03-03,527,2026030305015303,BHL,57,92,154,204.90,"31,554.60"
2026-03-03,528,2026030305015302,BHL,57,45,150,204.90,"30,735.00"
2026-03-03,529,2026030305015301,BHL,57,4,421,204.90,"86,262.90"
2026-03-03,530,2026030305015300,BHL,57,49,50,204.80,"10,240.00"
2026-03-03,531,2026030305015299,BHL,57,58,225,204.80,"46,080.00"
2026-03-03,532,2026030305015471,BHPL,32,42,20,580.00,"11,600.00"
2026-03-03,533,2026030305015442,BHPL,54,25,40,573.00,"22,920.00"
2026-03-03,534,2026030305015441,BHPL,51,25,50,574.00,"28,700.00"
2026-03-03,535,2026030305015440,BHPL,14,25,60,579.80,"34,788.00"
2026-03-03,536,2026030305015390,BHPL,32,42,20,580.00,"11,600.00"
2026-03-03,537,2026030305015370,BHPL,14,26,440,579.80,"255,112.00"
2026-03-03,538,2026030305015138,BHPL,34,5,50,578.90,"28,945.00"
2026-03-03,539,2026030305015193,BHPL,34,26,10,579.80,"5,798.00"
2026-03-03,540,2026030305015192,BHPL,34,16,46,579.80,"26,670.80"
2026-03-03,541,2026030305015142,BHPL,34,22,10,579.80,"5,798.00"
2026-03-03,542,2026030305015141,BHPL,34,48,130,579.60,"75,348.00"
2026-03-03,543,2026030305015140,BHPL,34,28,200,579.40,"115,880.00"
2026-03-03,544,2026030305015139,BHPL,34,35,205,579.00,"118,695.00"
2026-03-03,545,2026030305015254,BNHC,29,21,570,350.00,"199,500.00"
2026-03-03,546,2026030305015233,BNHC,58,21,37,350.00,"12,950.00"
2026-03-03,547,2026030305015115,BNHC,41,21,38,350.00,"13,300.00"
2026-03-03,548,2026030305015105,BNHC,19,21,100,351.00,"35,100.00"
2026-03-03,549,2026030305015100,BNHC,41,53,52,350.00,"18,200.00"
2026-03-03,550,2026030305015099,BNHC,66,53,70,350.00,"24,500.00"
2026-03-03,551,2026030305015098,BNHC,87,53,28,350.10,"9,802.80"
2026-03-03,552,2026030305015490,CHDC,42,56,40,"2,530.00","101,200.00"
2026-03-03,553,2026030305015376,CHDC,66,61,355,"2,529.00","897,795.00"
2026-03-03,554,2026030305015375,CHDC,42,61,10,"2,529.10","25,291.00"
2026-03-03,555,2026030305015374,CHDC,50,61,100,"2,529.10","252,910.00"
2026-03-03,556,2026030305015373,CHDC,74,61,55,"2,530.00","139,150.00"
2026-03-03,557,2026030305015335,CHDC,14,54,25,"2,535.00","63,375.00"
2026-03-03,558,2026030305015334,CHDC,14,39,10,"2,535.00","25,350.00"
2026-03-03,559,2026030305015123,CHDC,53,34,50,"2,537.00","126,850.00"
2026-03-03,560,2026030305015521,CIT,7,22,20,"1,800.00","36,000.00"
2026-03-03,561,2026030305015487,CIT,16,44,10,"1,804.00","18,040.00"
2026-03-03,562,2026030305015190,CIT,7,29,23,"1,799.60","41,390.80"
2026-03-03,563,2026030305015057,CIT,7,21,250,"1,800.00","450,000.00"
2026-03-03,564,2026030305015056,CIT,7,4,100,"1,800.00","180,000.00"
2026-03-03,565,2026030305015055,CIT,7,42,10,"1,800.00","18,000.00"
2026-03-03,566,2026030305015054,CIT,7,36,15,"1,800.00","27,000.00"
2026-03-03,567,2026030305015409,CKHL,32,34,10,688.00,"6,880.00"
2026-03-03,568,2026030305015221,CLI,16,58,63,473.50,"29,830.50"
2026-03-03,569,2026030305015182,CLI,35,58,34,473.50,"16,099.00"
2026-03-03,570,2026030305015065,CLI,52,48,100,473.80,"47,380.00"
2026-03-03,571,2026030305015207,DOLTI,49,58,10,510.00,"5,100.00"
2026-03-03,572,2026030305015530,DORDI,14,48,220,283.50,"62,370.00"
2026-03-03,573,2026030305015529,DORDI,14,42,80,283.40,"22,672.00"
2026-03-03,574,2026030305015497,DORDI,58,61,77,281.00,"21,637.00"
2026-03-03,575,2026030305015496,DORDI,35,61,100,281.00,"28,100.00"
2026-03-03,576,2026030305015495,DORDI,42,61,628,282.00,"177,096.00"
2026-03-03,577,2026030305015494,DORDI,37,61,50,282.50,"14,125.00"
2026-03-03,578,2026030305015305,DORDI,69,91,100,283.20,"28,320.00"
2026-03-03,579,2026030305015304,DORDI,69,34,350,283.20,"99,120.00"
2026-03-03,580,2026030305015150,DORDI,45,50,20,283.00,"5,660.00"
2026-03-03,581,2026030305015493,DORDI,11,61,125,283.00,"35,375.00"
2026-03-03,582,2026030305015492,DORDI,77,61,10,283.00,"2,830.00"
2026-03-03,583,2026030305015491,DORDI,45,61,10,283.00,"2,830.00"
2026-03-03,584,2026030305015308,DORDI,69,48,450,283.50,"127,575.00"
2026-03-03,585,2026030305015307,DORDI,69,58,100,283.30,"28,330.00"
2026-03-03,586,2026030305015306,DORDI,69,52,"1,000",283.30,"283,300.00"
2026-03-03,587,2026030305015426,EHPL,11,3,"1,700",420.00,"714,000.00"
2026-03-03,588,2026030305015425,EHPL,11,14,500,420.00,"210,000.00"
2026-03-03,589,2026030305015424,EHPL,11,19,500,419.90,"209,950.00"
2026-03-03,590,2026030305015423,EHPL,11,50,"1,200",419.70,"503,640.00"
2026-03-03,591,2026030305015422,EHPL,11,43,100,419.30,"41,930.00"
2026-03-03,592,2026030305015283,EHPL,45,58,90,419.00,"37,710.00"
2026-03-03,593,2026030305015232,EHPL,45,1,53,419.00,"22,207.00"
2026-03-03,594,2026030305015197,EHPL,62,1,47,419.00,"19,693.00"
2026-03-03,595,2026030305015148,ENL,21,42,29,934.00,"27,086.00"
2026-03-03,596,2026030305015359,GCIL,59,28,56,426.00,"23,856.00"
2026-03-03,597,2026030305015196,GCIL,59,49,94,425.90,"40,034.60"
2026-03-03,598,2026030305015450,GVL,41,50,400,494.80,"197,920.00"
2026-03-03,599,2026030305015449,GVL,41,34,100,494.50,"49,450.00"
2026-03-03,600,2026030305015394,GVL,57,4,50,494.00,"24,700.00"
2026-03-03,601,2026030305015318,GVL,53,50,106,494.80,"52,448.80"
2026-03-03,602,2026030305015317,GVL,53,52,194,494.80,"95,991.20"
2026-03-03,603,2026030305015285,GVL,14,36,200,494.50,"98,900.00"
2026-03-03,604,2026030305015143,GVL,57,45,240,494.00,"118,560.00"
2026-03-03,605,2026030305015163,GVL,57,29,162,494.00,"80,028.00"
2026-03-03,606,2026030305015505,HATHY,58,11,32,919.00,"29,408.00"
2026-03-03,607,2026030305015504,HATHY,58,16,16,919.00,"14,704.00"
2026-03-03,608,2026030305015314,HDL,58,25,20,"1,156.00","23,120.00"
2026-03-03,609,2026030305015278,HDL,66,34,87,"1,159.00","100,833.00"
2026-03-03,610,2026030305015277,HDL,66,38,18,"1,158.00","20,844.00"
2026-03-03,611,2026030305015165,HDL,1,58,219,"1,156.00","253,164.00"
2026-03-03,612,2026030305015164,HDL,1,58,210,"1,156.00","242,760.00"
2026-03-03,613,2026030305015246,HDL,6,13,14,"1,156.00","16,184.00"
2026-03-03,614,2026030305015245,HDL,6,4,21,"1,156.00","24,276.00"
2026-03-03,615,2026030305015166,HDL,1,4,79,"1,156.00","91,324.00"
2026-03-03,616,2026030305015270,HDL,66,49,"1,000","1,157.80","1,157,800.00"
2026-03-03,617,2026030305015269,HDL,66,32,100,"1,157.00","115,700.00"
2026-03-03,618,2026030305015268,HDL,66,35,200,"1,157.00","231,400.00"
2026-03-03,619,2026030305015267,HDL,66,53,20,"1,156.00","23,120.00"
2026-03-03,620,2026030305015248,HDL,6,53,20,"1,156.00","23,120.00"
2026-03-03,621,2026030305015247,HDL,6,43,20,"1,156.00","23,120.00"
2026-03-03,622,2026030305015276,HDL,66,46,50,"1,158.00","57,900.00"
2026-03-03,623,2026030305015275,HDL,66,6,120,"1,158.00","138,960.00"
2026-03-03,624,2026030305015274,HDL,66,42,10,"1,158.00","11,580.00"
2026-03-03,625,2026030305015273,HDL,66,81,438,"1,158.00","507,204.00"
2026-03-03,626,2026030305015272,HDL,66,42,500,"1,157.90","578,950.00"
2026-03-03,627,2026030305015271,HDL,66,14,457,"1,157.90","529,160.30"
2026-03-03,628,2026030305015489,HHL,44,34,10,342.70,"3,427.00"
2026-03-03,629,2026030305015475,HHL,39,34,30,342.70,"10,281.00"
2026-03-03,630,2026030305015470,HHL,58,34,10,342.70,"3,427.00"
2026-03-03,631,2026030305015160,HHL,39,34,30,342.70,"10,281.00"
2026-03-03,632,2026030305015538,HIDCL,38,52,50,266.40,"13,320.00"
2026-03-03,633,2026030305015331,HIDCL,88,50,230,266.00,"61,180.00"
2026-03-03,634,2026030305015330,HIDCL,42,50,370,266.20,"98,494.00"
2026-03-03,635,2026030305015266,HIDCL,29,19,619,266.50,"164,963.50"
2026-03-03,636,2026030305015258,HIDCL,29,45,362,266.50,"96,473.00"
2026-03-03,637,2026030305015159,HIDCL,29,26,19,266.50,"5,063.50"
2026-03-03,638,2026030305015122,HIDCL,57,26,118,266.50,"31,447.00"
2026-03-03,639,2026030305015121,HIDCL,57,48,10,266.50,"2,665.00"
2026-03-03,640,2026030305015120,HIDCL,57,54,10,266.50,"2,665.00"
2026-03-03,641,2026030305015119,HIDCL,57,25,62,266.50,"16,523.00"
2026-03-03,642,2026030305015087,HIDCL,88,58,107,266.00,"28,462.00"
2026-03-03,643,2026030305015061,HRL,34,6,440,855.20,"376,288.00"
2026-03-03,644,2026030305015445,HRL,36,58,10,857.00,"8,570.00"
2026-03-03,645,2026030305015435,HRL,36,14,10,857.00,"8,570.00"
2026-03-03,646,2026030305015204,HRL,50,14,80,855.40,"68,432.00"
2026-03-03,647,2026030305015130,ILI,42,34,52,447.00,"23,244.00"
2026-03-03,648,2026030305015129,ILI,42,40,50,447.00,"22,350.00"
2026-03-03,649,2026030305015128,ILI,42,60,12,447.00,"5,364.00"
2026-03-03,650,2026030305015127,ILI,42,40,12,447.00,"5,364.00"
2026-03-03,651,2026030305015126,ILI,42,58,12,447.00,"5,364.00"
2026-03-03,652,2026030305015125,ILI,42,45,12,447.00,"5,364.00"
2026-03-03,653,2026030305015124,ILI,42,6,50,447.00,"22,350.00"
2026-03-03,654,2026030305015369,KBSH,22,32,10,"1,674.90","16,749.00"
2026-03-03,655,2026030305015174,MAKAR,45,42,430,542.00,"233,060.00"
2026-03-03,656,2026030305015053,MAKAR,45,29,50,541.00,"27,050.00"
2026-03-03,657,2026030305015518,MBJC,41,58,105,294.00,"30,870.00"
2026-03-03,658,2026030305015433,MBJC,41,17,90,294.00,"26,460.00"
2026-03-03,659,2026030305015116,MBJC,39,7,500,294.40,"147,200.00"
2026-03-03,660,2026030305015068,MBJC,39,7,30,294.40,"8,832.00"
2026-03-03,661,2026030305015067,MBJC,39,42,10,294.00,"2,940.00"
2026-03-03,662,2026030305015066,MBJC,39,50,10,294.00,"2,940.00"
2026-03-03,663,2026030305015393,MCHL,77,32,12,421.50,"5,058.00"
2026-03-03,664,2026030305015309,MCHL,1,43,20,417.00,"8,340.00"
2026-03-03,665,2026030305015297,MCHL,77,36,12,421.80,"5,061.60"
2026-03-03,666,2026030305015413,MEHL,36,91,35,444.00,"15,540.00"
2026-03-03,667,2026030305015541,MEL,17,53,166,289.90,"48,123.40"
2026-03-03,668,2026030305015540,MEL,17,35,50,289.90,"14,495.00"
2026-03-03,669,2026030305015539,MEL,17,44,34,289.00,"9,826.00"
2026-03-03,670,2026030305015512,MEL,38,84,25,288.00,"7,200.00"
2026-03-03,671,2026030305015452,MEL,56,44,70,289.00,"20,230.00"
2026-03-03,672,2026030305015451,MEL,56,45,80,288.80,"23,104.00"
2026-03-03,673,2026030305015395,MEL,38,50,800,288.00,"230,400.00"
2026-03-03,674,2026030305015279,MEL,59,84,300,288.70,"86,610.00"
2026-03-03,675,2026030305015144,MEL,59,45,500,288.80,"144,400.00"
2026-03-03,676,2026030305015469,MHCL,49,59,150,361.50,"54,225.00"
2026-03-03,677,2026030305015412,MHCL,49,40,100,361.50,"36,150.00"
2026-03-03,678,2026030305015353,MHCL,42,50,26,361.90,"9,409.40"
2026-03-03,679,2026030305015352,MHCL,42,7,20,361.50,"7,230.00"
2026-03-03,680,2026030305015350,MHCL,26,21,71,360.00,"25,560.00"
2026-03-03,681,2026030305015349,MHCL,17,21,10,360.00,"3,600.00"
2026-03-03,682,2026030305015348,MHCL,45,21,200,360.00,"72,000.00"
2026-03-03,683,2026030305015347,MHCL,45,21,19,360.00,"6,840.00"
2026-03-03,684,2026030305015223,MHCL,45,34,400,360.00,"144,000.00"
2026-03-03,685,2026030305015149,MHCL,45,34,10,360.00,"3,600.00"
2026-03-03,686,2026030305015384,MHL,42,1,100,524.00,"52,400.00"
2026-03-03,687,2026030305015550,MKHC,42,42,10,331.20,"3,312.00"
2026-03-03,688,2026030305015549,MKHC,22,42,19,331.20,"6,292.80"
2026-03-03,689,2026030305015482,MKHL,64,38,150,788.90,"118,335.00"
2026-03-03,690,2026030305015171,MKJC,47,32,210,538.00,"112,980.00"
2026-03-03,691,2026030305015170,MKJC,47,48,365,536.00,"195,640.00"
2026-03-03,692,2026030305015169,MKJC,47,34,190,536.00,"101,840.00"
2026-03-03,693,2026030305015168,MKJC,47,65,25,535.50,"13,387.50"
2026-03-03,694,2026030305015167,MKJC,47,46,10,535.50,"5,355.00"
2026-03-03,695,2026030305015537,MMF1,48,13,100,9.43,943.00
2026-03-03,696,2026030305015181,MSHL,51,6,100,790.00,"79,000.00"
2026-03-03,697,2026030305015180,MSHL,38,6,25,790.00,"19,750.00"
2026-03-03,698,2026030305015179,MSHL,14,6,100,790.00,"79,000.00"
2026-03-03,699,2026030305015178,MSHL,6,6,10,790.10,"7,901.00"
2026-03-03,700,2026030305015177,MSHL,6,6,10,790.20,"7,902.00"
2026-03-03,701,2026030305015176,MSHL,6,6,10,790.30,"7,903.00"
2026-03-03,702,2026030305015175,MSHL,58,6,100,792.60,"79,260.00"
2026-03-03,703,2026030305015086,MSHL,56,6,80,793.50,"63,480.00"
2026-03-03,704,2026030305015519,NIFRA,57,58,55,267.00,"14,685.00"
2026-03-03,705,2026030305015477,NIFRA,57,39,11,267.00,"2,937.00"
2026-03-03,706,2026030305015476,NIFRA,38,39,39,267.00,"10,413.00"
2026-03-03,707,2026030305015432,NIFRA,38,29,64,267.00,"17,088.00"
2026-03-03,708,2026030305015402,NIFRA,38,14,82,267.00,"21,894.00"
2026-03-03,709,2026030305015401,NIFRA,39,14,324,267.00,"86,508.00"
2026-03-03,710,2026030305015201,NIFRA,34,90,200,267.00,"53,400.00"
2026-03-03,711,2026030305015147,NIFRA,34,36,72,267.00,"19,224.00"
2026-03-03,712,2026030305015117,NIFRA,42,45,90,267.90,"24,111.00"
2026-03-03,713,2026030305015052,NIFRA,29,45,398,267.90,"106,624.20"
2026-03-03,714,2026030305015051,NIFRA,29,11,12,267.90,"3,214.80"
2026-03-03,715,2026030305015355,NIFRA,68,45,450,267.90,"120,555.00"
2026-03-03,716,2026030305015354,NIFRA,68,35,50,267.80,"13,390.00"
2026-03-03,717,2026030305015322,NIFRA,39,88,201,267.00,"53,667.00"
2026-03-03,718,2026030305015321,NIFRA,34,88,799,267.00,"213,333.00"
2026-03-03,719,2026030305015231,NIFRA,34,58,100,267.00,"26,700.00"
2026-03-03,720,2026030305015216,NIFRA,34,49,200,267.00,"53,400.00"
2026-03-03,721,2026030305015382,NRIC,54,48,200,"1,248.00","249,600.00"
2026-03-03,722,2026030305015265,NRIC,94,48,791,"1,248.00","987,168.00"
2026-03-03,723,2026030305015264,NRIC,94,11,23,"1,248.00","28,704.00"
2026-03-03,724,2026030305015263,NRIC,94,45,10,"1,248.00","12,480.00"
2026-03-03,725,2026030305015262,NRIC,94,59,23,"1,248.00","28,704.00"
2026-03-03,726,2026030305015261,NRIC,94,44,"1,000","1,247.90","1,247,900.00"
2026-03-03,727,2026030305015260,NRIC,94,59,100,"1,247.80","124,780.00"
2026-03-03,728,2026030305015259,NRIC,94,45,53,"1,247.70","66,128.10"
2026-03-03,729,2026030305015205,NRIC,25,45,10,"1,247.00","12,470.00"
2026-03-03,730,2026030305015106,NRIC,50,45,10,"1,246.70","12,467.00"
2026-03-03,731,2026030305015478,NRM,41,16,100,428.80,"42,880.00"
2026-03-03,732,2026030305015366,NRM,39,16,50,428.80,"21,440.00"
2026-03-03,733,2026030305015101,NRM,39,41,265,428.90,"113,658.50"
2026-03-03,734,2026030305015522,NRN,58,34,100,"1,524.90","152,490.00"
2026-03-03,735,2026030305015446,NRN,49,6,200,"1,515.00","303,000.00"
2026-03-03,736,2026030305015218,NRN,49,55,200,"1,515.00","303,000.00"
2026-03-03,737,2026030305015217,NRN,58,55,100,"1,515.20","151,520.00"
2026-03-03,738,2026030305015502,NTC,33,57,340,872.60,"296,684.00"
2026-03-03,739,2026030305015501,NTC,33,41,10,872.00,"8,720.00"
2026-03-03,740,2026030305015500,NTC,33,58,50,872.00,"43,600.00"
2026-03-03,741,2026030305015112,NTC,60,57,50,871.00,"43,550.00"
2026-03-03,742,2026030305015111,NTC,4,57,50,871.00,"43,550.00"
2026-03-03,743,2026030305015110,NTC,16,57,100,871.00,"87,100.00"
2026-03-03,744,2026030305015187,NYADI,58,28,22,405.00,"8,910.00"
2026-03-03,745,2026030305015186,NYADI,58,56,63,404.00,"25,452.00"
2026-03-03,746,2026030305015075,NYADI,1,56,231,404.70,"93,485.70"
2026-03-03,747,2026030305015503,PHCL,39,13,111,298.10,"33,089.10"
2026-03-03,748,2026030305015474,PHCL,46,68,"2,700",298.00,"804,600.00"
2026-03-03,749,2026030305015473,PHCL,39,68,100,298.10,"29,810.00"
2026-03-03,750,2026030305015472,PHCL,26,68,200,298.10,"59,620.00"
2026-03-03,751,2026030305015389,PHCL,38,57,62,298.50,"18,507.00"
2026-03-03,752,2026030305015388,PHCL,38,90,33,298.50,"9,850.50"
2026-03-03,753,2026030305015198,PHCL,35,32,100,298.20,"29,820.00"
2026-03-03,754,2026030305015108,PHCL,46,32,800,298.00,"238,400.00"
2026-03-03,755,2026030305015107,PHCL,17,32,200,298.10,"59,620.00"
2026-03-03,756,2026030305015074,PHCL,46,34,200,298.00,"59,600.00"
2026-03-03,757,2026030305015073,PHCL,45,34,100,298.20,"29,820.00"
2026-03-03,758,2026030305015351,PHCL,50,90,62,298.50,"18,507.00"
2026-03-03,759,2026030305015291,PHCL,46,41,880,298.00,"262,240.00"
2026-03-03,760,2026030305015220,PHCL,56,90,200,298.50,"59,700.00"
2026-03-03,761,2026030305015202,PHCL,46,57,300,298.00,"89,400.00"
2026-03-03,762,2026030305015200,PHCL,35,38,123,299.00,"36,777.00"
2026-03-03,763,2026030305015199,PHCL,35,57,277,299.00,"82,823.00"
2026-03-03,764,2026030305015544,PPL,19,7,17,392.00,"6,664.00"
2026-03-03,765,2026030305015543,PPL,36,7,233,392.00,"91,336.00"
2026-03-03,766,2026030305015513,PPL,36,16,"1,000",392.00,"392,000.00"
2026-03-03,767,2026030305015381,PPL,36,38,"1,045",392.00,"409,640.00"
2026-03-03,768,2026030305015372,PPL,36,16,75,392.00,"29,400.00"
2026-03-03,769,2026030305015371,PPL,36,60,647,392.00,"253,624.00"
2026-03-03,770,2026030305015135,PPL,91,32,500,391.90,"195,950.00"
2026-03-03,771,2026030305015134,PPL,91,42,"1,000",391.80,"391,800.00"
2026-03-03,772,2026030305015133,PPL,91,28,"1,000",391.70,"391,700.00"
2026-03-03,773,2026030305015132,PPL,91,14,50,391.70,"19,585.00"
2026-03-03,774,2026030305015131,PPL,91,60,"2,000",391.60,"783,200.00"
2026-03-03,775,2026030305015062,PPL,14,89,10,391.10,"3,911.00"
2026-03-03,776,2026030305015284,PPL,54,13,500,392.00,"196,000.00"
2026-03-03,777,2026030305015244,PPL,19,1,247,391.00,"96,577.00"
2026-03-03,778,2026030305015243,PPL,44,1,300,391.00,"117,300.00"
2026-03-03,779,2026030305015242,PPL,14,1,453,391.10,"177,168.30"
2026-03-03,780,2026030305015137,PPL,91,13,430,392.00,"168,560.00"
2026-03-03,781,2026030305015136,PPL,91,79,20,392.00,"7,840.00"
2026-03-03,782,2026030305015368,PPL,19,60,183,392.00,"71,736.00"
2026-03-03,783,2026030305015367,PPL,19,28,817,392.00,"320,264.00"
2026-03-03,784,2026030305015323,PPL,19,28,753,392.00,"295,176.00"
2026-03-03,785,2026030305015295,PPL,19,28,430,392.00,"168,560.00"
2026-03-03,786,2026030305015294,PPL,19,46,100,392.00,"39,200.00"
2026-03-03,787,2026030305015293,PPL,19,13,470,392.00,"184,240.00"
2026-03-03,788,2026030305015520,RFPL,74,39,50,399.10,"19,955.00"
2026-03-03,789,2026030305015455,RFPL,45,55,210,399.00,"83,790.00"
2026-03-03,790,2026030305015454,RFPL,45,55,70,399.00,"27,930.00"
2026-03-03,791,2026030305015397,RFPL,45,63,100,399.00,"39,900.00"
2026-03-03,792,2026030305015365,RFPL,45,41,200,399.00,"79,800.00"
2026-03-03,793,2026030305015363,RFPL,45,58,580,399.00,"231,420.00"
2026-03-03,794,2026030305015315,RFPL,45,5,50,399.00,"19,950.00"
2026-03-03,795,2026030305015290,RFPL,45,10,100,398.20,"39,820.00"
2026-03-03,796,2026030305015289,RFPL,96,10,50,398.30,"19,915.00"
2026-03-03,797,2026030305015288,RFPL,58,10,50,398.30,"19,915.00"
2026-03-03,798,2026030305015542,RHGCL,33,58,90,286.00,"25,740.00"
2026-03-03,799,2026030305015438,RHGCL,26,58,280,286.00,"80,080.00"
2026-03-03,800,2026030305015437,RHGCL,26,35,116,286.00,"33,176.00"
2026-03-03,801,2026030305015436,RHGCL,26,13,100,286.00,"28,600.00"
2026-03-03,802,2026030305015404,RHGCL,38,41,12,286.00,"3,432.00"
2026-03-03,803,2026030305015403,RHGCL,38,42,38,285.90,"10,864.20"
2026-03-03,804,2026030305015346,RHGCL,58,7,100,285.90,"28,590.00"
2026-03-03,805,2026030305015184,RHGCL,94,49,225,285.20,"64,170.00"
2026-03-03,806,2026030305015118,RHGCL,13,36,15,285.10,"4,276.50"
2026-03-03,807,2026030305015113,RHGCL,13,60,"1,000",285.10,"285,100.00"
2026-03-03,808,2026030305015084,RHGCL,94,25,300,285.00,"85,500.00"
2026-03-03,809,2026030305015499,RNLI,48,59,12,481.20,"5,774.40"
2026-03-03,810,2026030305015356,RNLI,48,8,50,481.20,"24,060.00"
2026-03-03,811,2026030305015252,RNLI,48,43,12,481.20,"5,774.40"
2026-03-03,812,2026030305015173,RNLI,48,44,12,481.00,"5,772.00"
2026-03-03,813,2026030305015161,RNLI,64,44,341,481.00,"164,021.00"
2026-03-03,814,2026030305015158,RNLI,64,29,12,481.00,"5,772.00"
2026-03-03,815,2026030305015547,SAHAS,39,19,25,589.00,"14,725.00"
2026-03-03,816,2026030305015546,SAHAS,56,19,25,589.00,"14,725.00"
2026-03-03,817,2026030305015545,SAHAS,45,19,50,589.10,"29,455.00"
2026-03-03,818,2026030305015536,SAHAS,41,34,20,589.70,"11,794.00"
2026-03-03,819,2026030305015468,SAHAS,50,1,500,589.90,"294,950.00"
2026-03-03,820,2026030305015466,SAHAS,33,1,498,589.90,"293,770.20"
2026-03-03,821,2026030305015157,SAHAS,48,47,100,589.80,"58,980.00"
2026-03-03,822,2026030305015145,SAHAS,48,51,400,589.80,"235,920.00"
2026-03-03,823,2026030305015103,SAHAS,20,20,"12,325",589.30,"7,263,122.50"
2026-03-03,824,2026030305015102,SAHAS,58,20,20,589.30,"11,786.00"
2026-03-03,825,2026030305015088,SAHAS,22,20,15,589.50,"8,842.50"
2026-03-03,826,2026030305015060,SAHAS,41,11,130,589.50,"76,635.00"
2026-03-03,827,2026030305015383,SAHAS,26,36,221,589.40,"130,257.40"
2026-03-03,828,2026030305015364,SAHAS,20,50,22,589.70,"12,973.40"
2026-03-03,829,2026030305015337,SAHAS,62,47,500,589.80,"294,900.00"
2026-03-03,830,2026030305015213,SAHAS,58,47,125,589.80,"73,725.00"
2026-03-03,831,2026030305015208,SAHAS,20,51,13,589.30,"7,660.90"
2026-03-03,832,2026030305015194,SAHAS,48,47,50,589.80,"29,490.00"
2026-03-03,833,2026030305015458,SAHAS,28,55,188,589.00,"110,732.00"
2026-03-03,834,2026030305015457,SAHAS,22,55,10,589.40,"5,894.00"
2026-03-03,835,2026030305015456,SAHAS,26,55,136,589.40,"80,158.40"
2026-03-03,836,2026030305015444,SAHAS,46,35,17,589.70,"10,024.90"
2026-03-03,837,2026030305015443,SAHAS,46,50,378,589.70,"222,906.60"
2026-03-03,838,2026030305015418,SAHAS,26,51,83,589.40,"48,920.20"
2026-03-03,839,2026030305015465,SAHAS,33,58,234,589.90,"138,036.60"
2026-03-03,840,2026030305015464,SAHAS,33,47,225,589.80,"132,705.00"
2026-03-03,841,2026030305015463,SAHAS,33,17,30,589.70,"17,691.00"
2026-03-03,842,2026030305015462,SAHAS,33,35,13,589.70,"7,666.10"
2026-03-03,843,2026030305015460,SAHAS,8,55,40,589.00,"23,560.00"
2026-03-03,844,2026030305015459,SAHAS,5,55,121,589.00,"71,269.00"
2026-03-03,845,2026030305015240,SANVI,45,21,443,842.00,"373,006.00"
2026-03-03,846,2026030305015239,SANVI,45,45,327,841.50,"275,170.50"
2026-03-03,847,2026030305015238,SANVI,45,58,10,840.40,"8,404.00"
2026-03-03,848,2026030305015237,SANVI,45,38,10,840.00,"8,400.00"
2026-03-03,849,2026030305015236,SANVI,45,95,100,840.00,"84,000.00"
2026-03-03,850,2026030305015235,SANVI,45,35,100,840.00,"84,000.00"
2026-03-03,851,2026030305015092,SANVI,45,14,200,836.00,"167,200.00"
2026-03-03,852,2026030305015091,SANVI,45,6,10,836.00,"8,360.00"
2026-03-03,853,2026030305015090,SANVI,45,56,20,836.00,"16,720.00"
2026-03-03,854,2026030305015089,SANVI,45,48,522,836.00,"436,392.00"
2026-03-03,855,2026030305015234,SANVI,45,56,10,833.90,"8,339.00"
2026-03-03,856,2026030305015097,SANVI,45,58,38,840.00,"31,920.00"
2026-03-03,857,2026030305015096,SANVI,45,58,170,840.00,"142,800.00"
2026-03-03,858,2026030305015095,SANVI,45,58,10,838.00,"8,380.00"
2026-03-03,859,2026030305015094,SANVI,45,35,20,836.50,"16,730.00"
2026-03-03,860,2026030305015093,SANVI,45,3,10,836.00,"8,360.00"
2026-03-03,861,2026030305015447,SGHC,64,41,10,400.00,"4,000.00"
2026-03-03,862,2026030305015358,SGHC,51,45,200,401.00,"80,200.00"
2026-03-03,863,2026030305015357,SGHC,51,59,"1,000",400.80,"400,800.00"
2026-03-03,864,2026030305015080,SGHC,17,45,10,401.00,"4,010.00"
2026-03-03,865,2026030305015079,SGHC,17,42,300,400.90,"120,270.00"
2026-03-03,866,2026030305015078,SGHC,17,26,100,400.90,"40,090.00"
2026-03-03,867,2026030305015077,SGHC,17,37,50,400.80,"20,040.00"
2026-03-03,868,2026030305015076,SGHC,17,41,40,400.00,"16,000.00"
2026-03-03,869,2026030305015514,SHIVM,8,36,630,632.00,"398,160.00"
2026-03-03,870,2026030305015509,SHIVM,58,36,170,632.00,"107,440.00"
2026-03-03,871,2026030305015508,SHIVM,58,13,30,632.00,"18,960.00"
2026-03-03,872,2026030305015480,SHIVM,57,13,470,632.00,"297,040.00"
2026-03-03,873,2026030305015479,SHIVM,57,34,30,632.00,"18,960.00"
2026-03-03,874,2026030305015429,SHIVM,42,34,15,632.00,"9,480.00"
2026-03-03,875,2026030305015210,SHIVM,8,91,500,631.80,"315,900.00"
2026-03-03,876,2026030305015206,SHIVM,8,38,51,631.80,"32,221.80"
2026-03-03,877,2026030305015195,SHIVM,34,42,8,628.10,"5,024.80"
2026-03-03,878,2026030305015072,SHIVM,36,41,300,631.70,"189,510.00"
2026-03-03,879,2026030305015071,SHIVM,36,38,76,631.70,"48,009.20"
2026-03-03,880,2026030305015070,SHIVM,42,38,24,631.80,"15,163.20"
2026-03-03,881,2026030305015410,SHIVM,49,33,300,631.90,"189,570.00"
2026-03-03,882,2026030305015398,SHIVM,58,34,110,632.00,"69,520.00"
2026-03-03,883,2026030305015387,SHIVM,55,34,45,632.00,"28,440.00"
2026-03-03,884,2026030305015386,SHIVM,55,58,30,632.00,"18,960.00"
2026-03-03,885,2026030305015385,SHIVM,55,57,25,632.00,"15,800.00"
2026-03-03,886,2026030305015292,SHIVM,49,38,10,631.90,"6,319.00"
2026-03-03,887,2026030305015486,SIKLES,7,39,400,616.00,"246,400.00"
2026-03-03,888,2026030305015414,SIKLES,32,39,100,616.00,"61,600.00"
2026-03-03,889,2026030305015392,SIKLES,36,39,70,616.00,"43,120.00"
2026-03-03,890,2026030305015391,SIKLES,48,39,50,616.10,"30,805.00"
2026-03-03,891,2026030305015156,SIKLES,42,91,380,617.00,"234,460.00"
2026-03-03,892,2026030305015155,SIKLES,42,49,20,616.90,"12,338.00"
2026-03-03,893,2026030305015511,SMATA,25,39,20,799.00,"15,980.00"
2026-03-03,894,2026030305015214,SMATA,58,48,100,799.00,"79,900.00"
2026-03-03,895,2026030305015085,SMATA,66,48,400,799.00,"319,600.00"
2026-03-03,896,2026030305015488,SMH,7,41,100,635.00,"63,500.00"
2026-03-03,897,2026030305015329,SMH,84,46,22,635.00,"13,970.00"
2026-03-03,898,2026030305015328,SMH,84,22,100,635.00,"63,500.00"
2026-03-03,899,2026030305015327,SMH,84,11,53,635.00,"33,655.00"
2026-03-03,900,2026030305015326,SMH,84,94,53,635.00,"33,655.00"
2026-03-03,901,2026030305015325,SMH,84,22,20,635.00,"12,700.00"
2026-03-03,902,2026030305015152,SMH,7,8,100,633.00,"63,300.00"
2026-03-03,903,2026030305015151,SMH,7,41,111,633.00,"70,263.00"
2026-03-03,904,2026030305015324,SMH,84,5,52,635.00,"33,020.00"
2026-03-03,905,2026030305015255,SMH,67,38,10,634.00,"6,340.00"
2026-03-03,906,2026030305015230,SMH,45,62,52,633.00,"32,916.00"
2026-03-03,907,2026030305015229,SMH,28,62,71,633.00,"44,943.00"
2026-03-03,908,2026030305015228,SMH,7,62,289,633.00,"182,937.00"
2026-03-03,909,2026030305015222,SMH,44,38,32,634.00,"20,288.00"
2026-03-03,910,2026030305015485,SMHL,57,45,10,467.70,"4,677.00"
2026-03-03,911,2026030305015484,SMHL,57,56,130,467.70,"60,801.00"
2026-03-03,912,2026030305015467,SMHL,34,56,200,467.70,"93,540.00"
2026-03-03,913,2026030305015420,SMHL,64,56,20,467.70,"9,354.00"
2026-03-03,914,2026030305015419,SMHL,64,45,380,467.60,"177,688.00"
2026-03-03,915,2026030305015417,SMHL,43,34,10,467.30,"4,673.00"
2026-03-03,916,2026030305015224,SMHL,32,58,168,467.50,"78,540.00"
2026-03-03,917,2026030305015183,SMHL,32,14,32,467.50,"14,960.00"
2026-03-03,918,2026030305015069,SMHL,45,58,300,468.00,"140,400.00"
2026-03-03,919,2026030305015058,SMHL,44,58,100,468.00,"46,800.00"
2026-03-03,920,2026030305015411,SMHL,25,45,20,467.60,"9,352.00"
2026-03-03,921,2026030305015316,SMHL,43,13,111,467.30,"51,870.30"
2026-03-03,922,2026030305015257,SMHL,6,56,150,467.70,"70,155.00"
2026-03-03,923,2026030305015227,SMHL,43,58,69,467.30,"32,243.70"
2026-03-03,924,2026030305015226,SMHL,45,58,548,467.30,"256,080.40"
2026-03-03,925,2026030305015225,SMHL,44,58,50,467.40,"23,370.00"
2026-03-03,926,2026030305015506,SMJC,58,35,10,471.00,"4,710.00"
2026-03-03,927,2026030305015483,SMJC,49,35,100,471.00,"47,100.00"
2026-03-03,928,2026030305015428,SMJC,58,35,100,471.00,"47,100.00"
2026-03-03,929,2026030305015333,SMJC,63,35,210,471.00,"98,910.00"
2026-03-03,930,2026030305015332,SONA,41,35,40,438.00,"17,520.00"
2026-03-03,931,2026030305015219,SONA,41,50,20,438.00,"8,760.00"
2026-03-03,932,2026030305015104,SONA,32,62,100,438.70,"43,870.00"
2026-03-03,933,2026030305015510,SPC,41,47,80,501.00,"40,080.00"
2026-03-03,934,2026030305015427,SPC,41,6,20,501.00,"10,020.00"
2026-03-03,935,2026030305015396,SPC,44,6,330,501.00,"165,330.00"
2026-03-03,936,2026030305015298,SPC,41,6,150,501.00,"75,150.00"
2026-03-03,937,2026030305015209,SPC,1,58,200,502.50,"100,500.00"
2026-03-03,938,2026030305015320,SPHL,42,58,50,550.50,"27,525.00"
2026-03-03,939,2026030305015339,STC,54,94,60,"6,080.00","364,800.00"
2026-03-03,940,2026030305015338,STC,54,94,40,"6,085.00","243,400.00"
2026-03-03,941,2026030305015154,STC,54,48,10,"6,081.00","60,810.00"
2026-03-03,942,2026030305015448,TAMOR,26,39,70,429.00,"30,030.00"
2026-03-03,943,2026030305015399,TAMOR,51,38,25,429.50,"10,737.50"
2026-03-03,944,2026030305015548,TPC,10,49,300,392.90,"117,870.00"
2026-03-03,945,2026030305015528,TPC,14,14,168,391.00,"65,688.00"
2026-03-03,946,2026030305015527,TPC,57,14,10,391.80,"3,918.00"
2026-03-03,947,2026030305015526,TPC,29,14,400,391.90,"156,760.00"
2026-03-03,948,2026030305015525,TPC,57,14,100,392.00,"39,200.00"
2026-03-03,949,2026030305015524,TPC,11,14,282,392.00,"110,544.00"
2026-03-03,950,2026030305015211,TPC,11,49,238,391.00,"93,058.00"
2026-03-03,951,2026030305015114,TPC,34,49,22,391.00,"8,602.00"
2026-03-03,952,2026030305015083,TPC,34,34,178,391.00,"69,598.00"
2026-03-03,953,2026030305015082,TPC,11,34,150,391.00,"58,650.00"
2026-03-03,954,2026030305015081,TPC,57,34,60,392.00,"23,520.00"
2026-03-03,955,2026030305015287,TPC,75,63,730,391.90,"286,087.00"
2026-03-03,956,2026030305015286,TPC,75,25,62,391.00,"24,242.00"
2026-03-03,957,2026030305015256,TPC,14,25,238,391.00,"93,058.00"
2026-03-03,958,2026030305015250,TPC,29,63,452,391.90,"177,138.80"
2026-03-03,959,2026030305015249,TPC,29,17,138,391.00,"53,958.00"
2026-03-03,960,2026030305015212,TPC,11,17,62,391.00,"24,242.00"
2026-03-03,961,2026030305015523,TPC,13,14,40,392.10,"15,684.00"
2026-03-03,962,2026030305015361,TPC,11,63,418,391.90,"163,814.20"
2026-03-03,963,2026030305015360,TPC,11,41,300,391.80,"117,540.00"
2026-03-03,964,2026030305015319,TPC,49,14,300,390.90,"117,270.00"
2026-03-03,965,2026030305015313,TPC,49,34,355,390.90,"138,769.50"
2026-03-03,966,2026030305015312,TPC,47,34,45,390.90,"17,590.50"
2026-03-03,967,2026030305015408,TSHL,37,48,564,756.00,"426,384.00"
2026-03-03,968,2026030305015407,TSHL,37,7,97,755.00,"73,235.00"
2026-03-03,969,2026030305015406,TSHL,37,42,100,754.00,"75,400.00"
2026-03-03,970,2026030305015405,TSHL,37,32,10,752.00,"7,520.00"
2026-03-03,971,2026030305015380,TVCL,38,54,40,650.00,"26,000.00"
2026-03-03,972,2026030305015379,TVCL,38,55,30,650.00,"19,500.00"
2026-03-03,973,2026030305015378,TVCL,38,62,100,649.90,"64,990.00"
2026-03-03,974,2026030305015377,TVCL,38,3,30,648.00,"19,440.00"
2026-03-03,975,2026030305015336,TVCL,81,60,"2,000",645.00,"1,290,000.00"
2026-03-03,976,2026030305015188,TVCL,81,4,20,645.00,"12,900.00"
2026-03-03,977,2026030305015185,TVCL,81,32,30,645.00,"19,350.00"
2026-03-03,978,2026030305015109,TVCL,81,34,500,645.00,"322,500.00"
2026-03-03,979,2026030305015345,UHEWA,95,33,"1,045",570.00,"595,650.00"
2026-03-03,980,2026030305015344,UHEWA,95,36,200,570.00,"114,000.00"
2026-03-03,981,2026030305015343,UHEWA,95,49,10,570.00,"5,700.00"
2026-03-03,982,2026030305015342,UHEWA,95,54,10,570.00,"5,700.00"
2026-03-03,983,2026030305015341,UHEWA,95,56,275,569.80,"156,695.00"
2026-03-03,984,2026030305015340,UHEWA,95,35,460,569.70,"262,062.00"
2026-03-03,985,2026030305015172,UHEWA,26,44,29,569.80,"16,524.20"
2026-03-03,986,2026030305015439,ULHC,16,38,70,564.90,"39,543.00"
2026-03-03,987,2026030305015282,ULHC,62,16,51,564.80,"28,804.80"
2026-03-03,988,2026030305015281,ULHC,62,34,50,564.70,"28,235.00"
2026-03-03,989,2026030305015280,ULHC,62,68,12,564.50,"6,774.00"
2026-03-03,990,2026030305015191,ULHC,13,39,100,564.00,"56,400.00"
2026-03-03,991,2026030305015153,ULHC,13,42,100,564.00,"56,400.00"
2026-03-03,992,2026030305015146,ULHC,16,68,100,564.50,"56,450.00"
2026-03-03,993,2026030305015416,USHEC,39,34,50,481.00,"24,050.00"
2026-03-03,994,2026030305015415,USHEC,39,45,40,480.90,"19,236.00"
2026-03-03,995,2026030305015517,USHL,49,74,60,728.90,"43,734.00"
2026-03-03,996,2026030305015516,USHL,49,33,270,728.00,"196,560.00"
2026-03-03,997,2026030305015515,USHL,49,34,20,728.00,"14,560.00"
2026-03-03,998,2026030305015481,USHL,34,6,10,727.00,"7,270.00"
2026-03-03,999,2026030305015362,USHL,34,74,10,728.00,"7,280.00"
2026-03-03,1000,2026030305015296,VLUCL,6,59,10,567.80,"5,678.00"
2026-03-03,1001,2026030305014915,AHL,43,57,90,505.00,"45,450.00"
2026-03-03,1002,2026030305014914,AHL,43,16,60,504.90,"30,294.00"
2026-03-03,1003,2026030305014919,BBC,39,39,10,"4,689.90","46,899.00"
2026-03-03,1004,2026030305014669,BHDC,94,43,80,484.00,"38,720.00"
2026-03-03,1005,2026030305014668,BHDC,94,50,200,484.00,"96,800.00"
2026-03-03,1006,2026030305014667,BHDC,94,28,100,483.90,"48,390.00"
2026-03-03,1007,2026030305014666,BHDC,94,11,20,483.00,"9,660.00"
2026-03-03,1008,2026030305014665,BHDC,94,45,200,482.60,"96,520.00"
2026-03-03,1009,2026030305014664,BHDC,94,45,400,482.60,"193,040.00"
2026-03-03,1010,2026030305014557,BHDC,94,45,100,482.60,"48,260.00"
2026-03-03,1011,2026030305014556,BHDC,94,45,100,482.50,"48,250.00"
2026-03-03,1012,2026030305014555,BHDC,94,91,490,482.50,"236,425.00"
2026-03-03,1013,2026030305014554,BHDC,94,7,"2,310",482.00,"1,113,420.00"
2026-03-03,1014,2026030305014801,BHL,57,4,67,204.90,"13,728.30"
2026-03-03,1015,2026030305014800,BHL,57,58,100,204.80,"20,480.00"
2026-03-03,1016,2026030305014799,BHL,57,49,100,204.80,"20,480.00"
2026-03-03,1017,2026030305014798,BHL,57,42,50,204.80,"10,240.00"
2026-03-03,1018,2026030305014797,BHL,57,58,483,204.80,"98,918.40"
2026-03-03,1019,2026030305014796,BHL,57,52,200,204.70,"40,940.00"
2026-03-03,1020,2026030305014794,BHL,57,42,100,204.60,"20,460.00"
2026-03-03,1021,2026030305014689,BHL,57,45,150,204.60,"30,690.00"
2026-03-03,1022,2026030305015031,BHPL,6,35,795,579.00,"460,305.00"
2026-03-03,1023,2026030305015030,BHPL,6,19,10,578.90,"5,789.00"
2026-03-03,1024,2026030305015029,BHPL,6,49,195,578.00,"112,710.00"
2026-03-03,1025,2026030305014994,BHPL,34,41,43,576.00,"24,768.00"
2026-03-03,1026,2026030305014993,BHPL,34,42,27,576.00,"15,552.00"
2026-03-03,1027,2026030305014970,BHPL,34,50,40,575.00,"23,000.00"
2026-03-03,1028,2026030305014905,BHPL,58,50,10,575.00,"5,750.00"
2026-03-03,1029,2026030305014904,BHPL,38,50,50,575.00,"28,750.00"
2026-03-03,1030,2026030305014903,BHPL,44,50,10,575.50,"5,755.00"
2026-03-03,1031,2026030305014768,BHPL,44,41,40,575.50,"23,020.00"
2026-03-03,1032,2026030305014767,BHPL,58,41,10,575.70,"5,757.00"
2026-03-03,1033,2026030305014659,BHPL,57,42,173,576.00,"99,648.00"
2026-03-03,1034,2026030305014769,BNHC,66,21,130,350.00,"45,500.00"
2026-03-03,1035,2026030305014660,BNHC,55,21,500,350.00,"175,000.00"
2026-03-03,1036,2026030305014771,CHDC,38,45,10,"2,535.00","25,350.00"
2026-03-03,1037,2026030305014954,CIT,45,42,28,"1,799.50","50,386.00"
2026-03-03,1038,2026030305014953,CIT,52,36,10,"1,800.00","18,000.00"
2026-03-03,1039,2026030305014880,CIT,46,36,75,"1,800.00","135,000.00"
2026-03-03,1040,2026030305014879,CIT,46,22,180,"1,800.00","324,000.00"
2026-03-03,1041,2026030305014878,CIT,46,38,45,"1,800.00","81,000.00"
2026-03-03,1042,2026030305014752,CLI,34,57,516,474.90,"245,048.40"
2026-03-03,1043,2026030305014751,CLI,34,54,28,474.80,"13,294.40"
2026-03-03,1044,2026030305014750,CLI,34,38,13,474.80,"6,172.40"
2026-03-03,1045,2026030305014749,CLI,34,58,13,474.80,"6,172.40"
2026-03-03,1046,2026030305014748,CLI,34,42,325,474.50,"154,212.50"
2026-03-03,1047,2026030305014747,CLI,34,74,453,474.00,"214,722.00"
2026-03-03,1048,2026030305014746,CLI,34,60,13,474.00,"6,162.00"
2026-03-03,1049,2026030305014745,CLI,34,58,13,474.00,"6,162.00"
2026-03-03,1050,2026030305014744,CLI,34,51,224,474.00,"106,176.00"
2026-03-03,1051,2026030305014743,CLI,34,8,402,473.90,"190,507.80"
2026-03-03,1052,2026030305014701,CLI,75,25,30,473.00,"14,190.00"
2026-03-03,1053,2026030305014639,CLI,16,58,66,473.50,"31,251.00"
2026-03-03,1054,2026030305014996,CMF2,10,43,"5,000",10.10,"50,500.00"
2026-03-03,1055,2026030305014773,DOLTI,22,41,20,505.00,"10,100.00"
2026-03-03,1056,2026030305014772,DOLTI,59,41,40,505.20,"20,208.00"
2026-03-03,1057,2026030305014574,DOLTI,45,41,10,505.40,"5,054.00"
2026-03-03,1058,2026030305014941,DORDI,42,50,772,282.00,"217,704.00"
2026-03-03,1059,2026030305014940,DORDI,34,50,10,282.00,"2,820.00"
2026-03-03,1060,2026030305014939,DORDI,17,50,47,282.00,"13,254.00"
2026-03-03,1061,2026030305014938,DORDI,14,50,50,282.10,"14,105.00"
2026-03-03,1062,2026030305014937,DORDI,17,50,21,282.30,"5,928.30"
2026-03-03,1063,2026030305014754,DORDI,3,50,100,283.50,"28,350.00"
2026-03-03,1064,2026030305014931,EHPL,41,58,10,419.00,"4,190.00"
2026-03-03,1065,2026030305014762,EHPL,41,34,10,419.00,"4,190.00"
2026-03-03,1066,2026030305014761,EHPL,41,47,20,419.00,"8,380.00"
2026-03-03,1067,2026030305014656,EHPL,49,43,281,418.10,"117,486.10"
2026-03-03,1068,2026030305014655,EHPL,52,43,100,418.20,"41,820.00"
2026-03-03,1069,2026030305014654,EHPL,13,43,119,418.20,"49,765.80"
2026-03-03,1070,2026030305014638,ENL,21,57,10,931.00,"9,310.00"
2026-03-03,1071,2026030305014600,ENL,39,58,10,930.00,"9,300.00"
2026-03-03,1072,2026030305015010,GCIL,1,28,247,426.00,"105,222.00"
2026-03-03,1073,2026030305015009,GCIL,1,57,21,426.00,"8,946.00"
2026-03-03,1074,2026030305014580,GVL,65,45,160,494.00,"79,040.00"
2026-03-03,1075,2026030305014577,GVL,65,53,11,494.00,"5,434.00"
2026-03-03,1076,2026030305014576,GVL,65,14,84,494.00,"41,496.00"
2026-03-03,1077,2026030305014575,GVL,65,13,40,493.90,"19,756.00"
2026-03-03,1078,2026030305015049,HATHY,42,38,27,918.00,"24,786.00"
2026-03-03,1079,2026030305014805,HATHY,38,49,1,910.00,910.00
2026-03-03,1080,2026030305014736,HATHY,42,57,10,918.00,"9,180.00"
2026-03-03,1081,2026030305014674,HATHY,42,51,80,918.00,"73,440.00"
2026-03-03,1082,2026030305014609,HATHY,42,51,28,918.00,"25,704.00"
2026-03-03,1083,2026030305014949,HDL,16,58,10,"1,156.00","11,560.00"
2026-03-03,1084,2026030305014755,HDL,17,58,40,"1,156.00","46,240.00"
2026-03-03,1085,2026030305015008,HHL,49,28,10,342.80,"3,428.00"
2026-03-03,1086,2026030305014975,HIDCL,88,48,400,266.00,"106,400.00"
2026-03-03,1087,2026030305014974,HIDCL,88,50,30,266.00,"7,980.00"
2026-03-03,1088,2026030305014876,HIDCL,43,50,20,266.00,"5,320.00"
2026-03-03,1089,2026030305014802,HIDCL,43,50,200,266.00,"53,200.00"
2026-03-03,1090,2026030305014764,HIDCL,58,25,20,266.50,"5,330.00"
2026-03-03,1091,2026030305014688,HIDCL,34,3,500,266.20,"133,100.00"
2026-03-03,1092,2026030305014604,HIDCL,87,50,370,266.00,"98,420.00"
2026-03-03,1093,2026030305014603,HIDCL,62,50,420,266.00,"111,720.00"
2026-03-03,1094,2026030305014602,HIDCL,58,50,100,266.00,"26,600.00"
2026-03-03,1095,2026030305014601,HIDCL,58,50,"1,601",266.00,"425,866.00"
2026-03-03,1096,2026030305014565,HIDCL,58,49,300,266.00,"79,800.00"
2026-03-03,1097,2026030305015047,HRL,57,45,93,860.00,"79,980.00"
2026-03-03,1098,2026030305015046,HRL,57,25,100,860.00,"86,000.00"
2026-03-03,1099,2026030305015045,HRL,57,11,15,860.00,"12,900.00"
2026-03-03,1100,2026030305015044,HRL,57,40,11,860.00,"9,460.00"
2026-03-03,1101,2026030305015043,HRL,57,34,46,859.90,"39,555.40"
2026-03-03,1102,2026030305015042,HRL,57,4,50,859.90,"42,995.00"
2026-03-03,1103,2026030305014678,HRL,75,91,198,858.00,"169,884.00"
2026-03-03,1104,2026030305014785,HRL,35,29,79,855.50,"67,584.50"
2026-03-03,1105,2026030305014784,HRL,42,29,100,856.00,"85,600.00"
2026-03-03,1106,2026030305014783,HRL,19,29,20,857.00,"17,140.00"
2026-03-03,1107,2026030305014681,HRL,42,36,100,856.00,"85,600.00"
2026-03-03,1108,2026030305014679,HRL,75,60,21,858.00,"18,018.00"
2026-03-03,1109,2026030305014930,HRL,6,43,50,858.00,"42,900.00"
2026-03-03,1110,2026030305014789,HRL,34,29,248,855.20,"212,089.60"
2026-03-03,1111,2026030305014788,HRL,32,29,17,855.30,"14,540.10"
2026-03-03,1112,2026030305014787,HRL,32,29,16,855.30,"13,684.80"
2026-03-03,1113,2026030305014786,HRL,47,29,20,855.30,"17,106.00"
2026-03-03,1114,2026030305015035,HRL,57,58,279,859.00,"239,661.00"
2026-03-03,1115,2026030305015034,HRL,57,43,46,859.00,"39,514.00"
2026-03-03,1116,2026030305015033,HRL,57,43,50,858.00,"42,900.00"
2026-03-03,1117,2026030305014971,HRL,34,29,15,855.20,"12,828.00"
2026-03-03,1118,2026030305015041,HRL,57,34,500,859.90,"429,950.00"
2026-03-03,1119,2026030305015040,HRL,57,14,100,859.90,"85,990.00"
2026-03-03,1120,2026030305015039,HRL,57,43,100,859.90,"85,990.00"
2026-03-03,1121,2026030305015038,HRL,57,16,100,859.70,"85,970.00"
2026-03-03,1122,2026030305015037,HRL,57,49,10,859.50,"8,595.00"
2026-03-03,1123,2026030305015036,HRL,57,54,500,859.00,"429,500.00"
2026-03-03,1124,2026030305014552,IHL,49,35,35,521.00,"18,235.00"
2026-03-03,1125,2026030305014680,MAKAR,48,35,425,537.40,"228,395.00"
2026-03-03,1126,2026030305014709,MBJC,29,19,80,294.00,"23,520.00"
2026-03-03,1127,2026030305014615,MBJC,58,45,390,293.10,"114,309.00"
2026-03-03,1128,2026030305014614,MBJC,40,45,100,293.20,"29,320.00"
2026-03-03,1129,2026030305014613,MBJC,5,45,20,293.20,"5,864.00"
2026-03-03,1130,2026030305014612,MBJC,34,45,200,293.30,"58,660.00"
2026-03-03,1131,2026030305014608,MBJC,29,19,100,294.00,"29,400.00"
2026-03-03,1132,2026030305014766,MCHL,34,39,20,417.00,"8,340.00"
2026-03-03,1133,2026030305014631,MCHL,55,39,150,417.00,"62,550.00"
2026-03-03,1134,2026030305014630,MCHL,25,39,30,417.00,"12,510.00"
2026-03-03,1135,2026030305014629,MCHL,58,39,300,418.00,"125,400.00"
2026-03-03,1136,2026030305014621,MEL,38,58,10,290.00,"2,900.00"
2026-03-03,1137,2026030305014620,MEL,38,72,"1,136",289.60,"328,985.60"
2026-03-03,1138,2026030305014619,MEL,38,84,149,289.10,"43,075.90"
2026-03-03,1139,2026030305014618,MEL,38,49,"1,000",289.00,"289,000.00"
2026-03-03,1140,2026030305014617,MEL,38,84,500,289.00,"144,500.00"
2026-03-03,1141,2026030305014616,MEL,38,84,500,288.70,"144,350.00"
2026-03-03,1142,2026030305014626,MEL,38,84,175,290.00,"50,750.00"
2026-03-03,1143,2026030305014625,MEL,38,21,10,290.00,"2,900.00"
2026-03-03,1144,2026030305014624,MEL,38,32,500,290.00,"145,000.00"
2026-03-03,1145,2026030305014623,MEL,38,83,10,290.00,"2,900.00"
2026-03-03,1146,2026030305014622,MEL,38,83,10,290.00,"2,900.00"
2026-03-03,1147,2026030305014692,MEL,59,32,200,288.70,"57,740.00"
2026-03-03,1148,2026030305014929,MEL,57,44,116,289.00,"33,524.00"
2026-03-03,1149,2026030305014947,MEL,87,45,20,288.80,"5,776.00"
2026-03-03,1150,2026030305014946,MEL,3,45,300,288.80,"86,640.00"
2026-03-03,1151,2026030305014977,MHCL,45,17,10,360.00,"3,600.00"
2026-03-03,1152,2026030305014716,MHCL,48,37,100,360.00,"36,000.00"
2026-03-03,1153,2026030305014715,MHCL,44,37,295,360.00,"106,200.00"
2026-03-03,1154,2026030305014610,MHCL,44,63,100,360.00,"36,000.00"
2026-03-03,1155,2026030305014936,MHL,7,1,100,523.70,"52,370.00"
2026-03-03,1156,2026030305014877,MHL,7,5,49,523.60,"25,656.40"
2026-03-03,1157,2026030305014909,MKHC,58,58,10,331.00,"3,310.00"
2026-03-03,1158,2026030305014898,MKHC,58,17,147,331.00,"48,657.00"
2026-03-03,1159,2026030305014832,MKHC,49,14,300,330.00,"99,000.00"
2026-03-03,1160,2026030305014831,MKHC,35,14,450,330.10,"148,545.00"
2026-03-03,1161,2026030305014776,MKHL,74,50,10,783.20,"7,832.00"
2026-03-03,1162,2026030305014986,MKJC,37,51,"1,000",535.00,"535,000.00"
2026-03-03,1163,2026030305014985,MKJC,37,77,500,535.00,"267,500.00"
2026-03-03,1164,2026030305014984,MKJC,37,14,145,535.00,"77,575.00"
2026-03-03,1165,2026030305014983,MKJC,37,50,"2,000",534.90,"1,069,800.00"
2026-03-03,1166,2026030305014982,MKJC,37,1,700,534.00,"373,800.00"
2026-03-03,1167,2026030305014981,MKJC,37,14,115,534.00,"61,410.00"
2026-03-03,1168,2026030305014774,MKJC,62,41,185,532.00,"98,420.00"
2026-03-03,1169,2026030305014933,MMKJL,29,42,20,575.00,"11,500.00"
2026-03-03,1170,2026030305014559,MMKJL,38,38,20,574.00,"11,480.00"
2026-03-03,1171,2026030305015027,MSHL,56,6,20,793.50,"15,870.00"
2026-03-03,1172,2026030305015050,NIFRA,29,13,590,267.80,"158,002.00"
2026-03-03,1173,2026030305015048,NIFRA,34,36,64,267.00,"17,088.00"
2026-03-03,1174,2026030305015006,NIFRA,34,90,65,267.00,"17,355.00"
2026-03-03,1175,2026030305015005,NIFRA,49,90,135,267.00,"36,045.00"
2026-03-03,1176,2026030305014995,NIFRA,17,13,10,267.80,"2,678.00"
2026-03-03,1177,2026030305014781,NIFRA,85,58,965,267.00,"257,655.00"
2026-03-03,1178,2026030305014637,NIFRA,22,62,315,267.00,"84,105.00"
2026-03-03,1179,2026030305014636,NIFRA,22,22,378,267.00,"100,926.00"
2026-03-03,1180,2026030305014635,NIFRA,22,4,12,267.00,"3,204.00"
2026-03-03,1181,2026030305014634,NIFRA,22,70,200,267.00,"53,400.00"
2026-03-03,1182,2026030305014633,NIFRA,22,33,95,267.00,"25,365.00"
2026-03-03,1183,2026030305014605,NIFRA,42,33,185,267.00,"49,395.00"
2026-03-03,1184,2026030305014756,NIFRA,16,58,35,267.00,"9,345.00"
2026-03-03,1185,2026030305014732,NIFRA,16,58,150,267.00,"40,050.00"
2026-03-03,1186,2026030305014728,NIFRA,16,62,15,267.00,"4,005.00"
2026-03-03,1187,2026030305014702,NIFRA,58,62,50,267.00,"13,350.00"
2026-03-03,1188,2026030305014677,NIFRA,38,62,100,267.00,"26,700.00"
2026-03-03,1189,2026030305014675,NIFRA,58,62,20,267.00,"5,340.00"
2026-03-03,1190,2026030305014770,NRIC,6,59,50,"1,248.00","62,400.00"
2026-03-03,1191,2026030305014562,NRIC,60,59,227,"1,248.00","283,296.00"
2026-03-03,1192,2026030305014561,NRIC,60,22,10,"1,247.00","12,470.00"
2026-03-03,1193,2026030305014560,NRIC,60,57,100,"1,247.00","124,700.00"
2026-03-03,1194,2026030305014553,NRIC,50,33,100,"1,246.10","124,610.00"
2026-03-03,1195,2026030305014973,NRM,14,19,10,429.00,"4,290.00"
2026-03-03,1196,2026030305014804,NRM,39,87,430,428.90,"184,427.00"
2026-03-03,1197,2026030305014782,NRN,74,74,300,"1,513.00","453,900.00"
2026-03-03,1198,2026030305014775,NRN,74,55,200,"1,513.00","302,600.00"
2026-03-03,1199,2026030305014551,NRN,74,55,320,"1,513.00","484,160.00"
2026-03-03,1200,2026030305014596,NTC,60,46,30,871.00,"26,130.00"
2026-03-03,1201,2026030305015003,NYADI,38,28,"1,008",405.00,"408,240.00"
2026-03-03,1202,2026030305015002,NYADI,38,16,10,405.00,"4,050.00"
2026-03-03,1203,2026030305015001,NYADI,38,64,500,404.90,"202,450.00"
2026-03-03,1204,2026030305015000,NYADI,38,60,400,404.80,"161,920.00"
2026-03-03,1205,2026030305014999,NYADI,38,20,82,404.80,"33,193.60"
2026-03-03,1206,2026030305014911,NYADI,1,39,54,404.60,"21,848.40"
2026-03-03,1207,2026030305014910,NYADI,1,63,100,404.50,"40,450.00"
2026-03-03,1208,2026030305014673,NYADI,1,66,270,404.00,"109,080.00"
2026-03-03,1209,2026030305014563,NYADI,1,91,230,404.00,"92,920.00"
2026-03-03,1210,2026030305014992,PHCL,46,52,55,298.00,"16,390.00"
2026-03-03,1211,2026030305014991,PHCL,46,52,100,298.10,"29,810.00"
2026-03-03,1212,2026030305014990,PHCL,51,52,200,298.10,"59,620.00"
2026-03-03,1213,2026030305014989,PHCL,42,52,200,298.10,"59,620.00"
2026-03-03,1214,2026030305014988,PHCL,39,52,100,298.20,"29,820.00"
2026-03-03,1215,2026030305014987,PHCL,34,52,345,298.20,"102,879.00"
2026-03-03,1216,2026030305014926,PHCL,34,42,630,298.20,"187,866.00"
2026-03-03,1217,2026030305014925,PHCL,39,42,100,298.30,"29,830.00"
2026-03-03,1218,2026030305014924,PHCL,49,42,170,298.30,"50,711.00"
2026-03-03,1219,2026030305014923,PHCL,41,42,100,298.50,"29,850.00"
2026-03-03,1220,2026030305014757,PHCL,47,57,100,299.00,"29,900.00"
2026-03-03,1221,2026030305014657,PHCL,42,57,220,299.00,"65,780.00"
2026-03-03,1222,2026030305014908,PPL,44,22,50,391.00,"19,550.00"
2026-03-03,1223,2026030305014907,PPL,44,36,"1,000",391.00,"391,000.00"
2026-03-03,1224,2026030305014906,PPL,44,45,180,391.00,"70,380.00"
2026-03-03,1225,2026030305014795,PPL,91,60,500,390.00,"195,000.00"
2026-03-03,1226,2026030305014791,PPL,91,25,10,390.00,"3,900.00"
2026-03-03,1227,2026030305014790,PPL,49,45,300,391.00,"117,300.00"
2026-03-03,1228,2026030305014753,PPL,91,11,"1,000",390.00,"390,000.00"
2026-03-03,1229,2026030305014599,PPL,91,67,188,390.00,"73,320.00"
2026-03-03,1230,2026030305014595,PPL,43,45,500,391.00,"195,500.00"
2026-03-03,1231,2026030305014581,PPL,39,45,20,391.00,"7,820.00"
2026-03-03,1232,2026030305014567,PPL,39,54,100,391.00,"39,100.00"
2026-03-03,1233,2026030305014566,RAWA,39,67,10,713.00,"7,130.00"
2026-03-03,1234,2026030305015032,RFPL,45,5,50,398.20,"19,910.00"
2026-03-03,1235,2026030305014951,RFPL,8,49,10,399.90,"3,999.00"
2026-03-03,1236,2026030305014737,RFPL,14,21,267,400.00,"106,800.00"
2026-03-03,1237,2026030305014672,RFPL,14,58,300,400.00,"120,000.00"
2026-03-03,1238,2026030305014607,RFPL,14,58,200,400.00,"80,000.00"
2026-03-03,1239,2026030305014588,RFPL,14,58,40,400.00,"16,000.00"
2026-03-03,1240,2026030305014587,RFPL,14,58,40,400.00,"16,000.00"
2026-03-03,1241,2026030305014586,RFPL,14,63,"1,000",400.00,"400,000.00"
2026-03-03,1242,2026030305014585,RFPL,14,41,50,400.00,"20,000.00"
2026-03-03,1243,2026030305014584,RFPL,14,45,100,400.00,"40,000.00"
2026-03-03,1244,2026030305014583,RFPL,14,5,150,399.10,"59,865.00"
2026-03-03,1245,2026030305014582,RFPL,14,57,20,399.00,"7,980.00"
2026-03-03,1246,2026030305014948,RHGCL,94,49,"2,515",285.00,"716,775.00"
2026-03-03,1247,2026030305014916,RHGCL,94,50,510,285.00,"145,350.00"
2026-03-03,1248,2026030305014901,RHGCL,45,42,130,285.10,"37,063.00"
2026-03-03,1249,2026030305014900,RHGCL,22,42,32,285.20,"9,126.40"
2026-03-03,1250,2026030305014759,RHGCL,45,58,100,285.10,"28,510.00"
2026-03-03,1251,2026030305014758,RHGCL,45,99,350,285.10,"99,785.00"
2026-03-03,1252,2026030305014632,RHGCL,38,59,100,285.20,"28,520.00"
2026-03-03,1253,2026030305014628,RHGCL,58,49,100,285.60,"28,560.00"
2026-03-03,1254,2026030305014573,RHGCL,45,17,300,285.10,"85,530.00"
2026-03-03,1255,2026030305014572,RHGCL,58,17,200,285.50,"57,100.00"
2026-03-03,1256,2026030305014571,RHGCL,57,17,500,285.50,"142,750.00"
2026-03-03,1257,2026030305014729,RMF1,57,1,200,9.58,"1,916.00"
2026-03-03,1258,2026030305014952,RNLI,64,58,347,481.00,"166,907.00"
2026-03-03,1259,2026030305014945,RNLI,11,58,353,481.00,"169,793.00"
2026-03-03,1260,2026030305014944,RNLI,11,44,500,480.90,"240,450.00"
2026-03-03,1261,2026030305014943,RNLI,11,34,51,480.90,"24,525.90"
2026-03-03,1262,2026030305014942,RNLI,11,72,10,480.80,"4,808.00"
2026-03-03,1263,2026030305014822,RNLI,11,17,12,480.00,"5,760.00"
2026-03-03,1264,2026030305014809,RNLI,11,59,73,478.90,"34,959.70"
2026-03-03,1265,2026030305014808,RNLI,11,44,300,478.80,"143,640.00"
2026-03-03,1266,2026030305014807,RNLI,11,45,200,478.80,"95,760.00"
2026-03-03,1267,2026030305014806,RNLI,11,39,50,478.70,"23,935.00"
2026-03-03,1268,2026030305014661,RNLI,11,60,12,478.00,"5,736.00"
2026-03-03,1269,2026030305014815,RNLI,11,29,200,480.00,"96,000.00"
2026-03-03,1270,2026030305014814,RNLI,11,35,200,479.90,"95,980.00"
2026-03-03,1271,2026030305014813,RNLI,11,72,10,479.90,"4,799.00"
2026-03-03,1272,2026030305014812,RNLI,11,6,165,479.80,"79,167.00"
2026-03-03,1273,2026030305014811,RNLI,11,7,170,479.80,"81,566.00"
2026-03-03,1274,2026030305014810,RNLI,11,45,"1,000",479.00,"479,000.00"
2026-03-03,1275,2026030305014821,RNLI,11,62,141,480.00,"67,680.00"
2026-03-03,1276,2026030305014820,RNLI,11,38,12,480.00,"5,760.00"
2026-03-03,1277,2026030305014819,RNLI,11,57,81,480.00,"38,880.00"
2026-03-03,1278,2026030305014818,RNLI,11,4,200,480.00,"96,000.00"
2026-03-03,1279,2026030305014817,RNLI,11,96,200,480.00,"96,000.00"
2026-03-03,1280,2026030305014816,RNLI,11,6,310,480.00,"148,800.00"
2026-03-03,1281,2026030305015007,SAHAS,28,45,242,589.00,"142,538.00"
2026-03-03,1282,2026030305014912,SAHAS,39,11,50,589.50,"29,475.00"
2026-03-03,1283,2026030305014778,SAHAS,39,28,300,589.50,"176,850.00"
2026-03-03,1284,2026030305014711,SAHAS,28,22,350,589.00,"206,150.00"
2026-03-03,1285,2026030305014710,SAHAS,45,22,50,589.10,"29,455.00"
2026-03-03,1286,2026030305014700,SAHAS,14,58,756,589.90,"445,964.40"
2026-03-03,1287,2026030305014693,SAHAS,14,57,63,589.50,"37,138.50"
2026-03-03,1288,2026030305014627,SAHAS,45,57,200,589.50,"117,900.00"
2026-03-03,1289,2026030305014699,SAHAS,14,52,32,589.90,"18,876.80"
2026-03-03,1290,2026030305014698,SAHAS,14,16,"1,000",589.80,"589,800.00"
2026-03-03,1291,2026030305014697,SAHAS,14,11,89,589.70,"52,483.30"
2026-03-03,1292,2026030305014696,SAHAS,14,58,"1,000",589.50,"589,500.00"
2026-03-03,1293,2026030305014695,SAHAS,14,17,10,589.50,"5,895.00"
2026-03-03,1294,2026030305014694,SAHAS,14,81,50,589.50,"29,475.00"
2026-03-03,1295,2026030305015020,SANVI,45,48,478,836.00,"399,608.00"
2026-03-03,1296,2026030305015019,SANVI,45,34,10,836.00,"8,360.00"
2026-03-03,1297,2026030305015018,SANVI,45,39,20,836.00,"16,720.00"
2026-03-03,1298,2026030305015017,SANVI,45,6,100,836.00,"83,600.00"
2026-03-03,1299,2026030305015016,SANVI,45,38,50,835.10,"41,755.00"
2026-03-03,1300,2026030305015015,SANVI,45,21,10,835.00,"8,350.00"
2026-03-03,1301,2026030305014640,SANVI,45,48,500,830.00,"415,000.00"
2026-03-03,1302,2026030305014579,SANVI,74,48,586,830.00,"486,380.00"
2026-03-03,1303,2026030305014646,SANVI,45,44,10,831.00,"8,310.00"
2026-03-03,1304,2026030305014645,SANVI,45,38,50,831.00,"41,550.00"
2026-03-03,1305,2026030305014644,SANVI,45,58,10,830.50,"8,305.00"
2026-03-03,1306,2026030305014643,SANVI,45,38,50,830.50,"41,525.00"
2026-03-03,1307,2026030305014642,SANVI,45,58,10,830.00,"8,300.00"
2026-03-03,1308,2026030305014641,SANVI,45,79,104,830.00,"86,320.00"
2026-03-03,1309,2026030305014717,SANVI,45,50,854,832.00,"710,528.00"
2026-03-03,1310,2026030305014651,SANVI,45,50,146,832.00,"121,472.00"
2026-03-03,1311,2026030305014650,SANVI,45,17,10,832.00,"8,320.00"
2026-03-03,1312,2026030305014649,SANVI,45,36,10,832.00,"8,320.00"
2026-03-03,1313,2026030305014648,SANVI,45,38,50,831.10,"41,555.00"
2026-03-03,1314,2026030305014647,SANVI,45,38,50,831.10,"41,555.00"
2026-03-03,1315,2026030305014723,SANVI,45,26,10,833.00,"8,330.00"
2026-03-03,1316,2026030305014722,SANVI,45,35,10,832.60,"8,326.00"
2026-03-03,1317,2026030305014721,SANVI,45,58,10,832.60,"8,326.00"
2026-03-03,1318,2026030305014720,SANVI,45,29,10,832.50,"8,325.00"
2026-03-03,1319,2026030305014719,SANVI,45,62,10,832.40,"8,324.00"
2026-03-03,1320,2026030305014718,SANVI,45,58,10,832.00,"8,320.00"
2026-03-03,1321,2026030305014823,SANVI,45,94,150,833.00,"124,950.00"
2026-03-03,1322,2026030305014780,SANVI,45,6,10,825.00,"8,250.00"
2026-03-03,1323,2026030305014727,SANVI,45,38,50,833.00,"41,650.00"
2026-03-03,1324,2026030305014726,SANVI,45,38,10,833.00,"8,330.00"
2026-03-03,1325,2026030305014725,SANVI,45,77,10,833.00,"8,330.00"
2026-03-03,1326,2026030305014724,SANVI,45,36,10,833.00,"8,330.00"
2026-03-03,1327,2026030305014829,SANVI,45,52,10,835.00,"8,350.00"
2026-03-03,1328,2026030305014828,SANVI,45,56,500,834.00,"417,000.00"
2026-03-03,1329,2026030305014827,SANVI,45,1,100,833.40,"83,340.00"
2026-03-03,1330,2026030305014826,SANVI,45,72,200,833.30,"166,660.00"
2026-03-03,1331,2026030305014825,SANVI,45,32,12,833.30,"9,999.60"
2026-03-03,1332,2026030305014824,SANVI,45,35,10,833.30,"8,333.00"
2026-03-03,1333,2026030305015014,SANVI,45,53,32,835.00,"26,720.00"
2026-03-03,1334,2026030305015013,SANVI,45,1,50,834.00,"41,700.00"
2026-03-03,1335,2026030305015012,SANVI,45,95,200,834.00,"166,800.00"
2026-03-03,1336,2026030305015011,SANVI,45,74,50,834.00,"41,700.00"
2026-03-03,1337,2026030305014902,SANVI,45,72,500,825.00,"412,500.00"
2026-03-03,1338,2026030305014830,SANVI,45,53,18,835.00,"15,030.00"
2026-03-03,1339,2026030305015025,SHIVM,7,48,250,633.00,"158,250.00"
2026-03-03,1340,2026030305015024,SHIVM,7,43,100,633.00,"63,300.00"
2026-03-03,1341,2026030305015023,SHIVM,7,32,100,633.00,"63,300.00"
2026-03-03,1342,2026030305015022,SHIVM,7,34,525,633.00,"332,325.00"
2026-03-03,1343,2026030305015021,SHIVM,7,61,25,633.00,"15,825.00"
2026-03-03,1344,2026030305014918,SHIVM,56,17,52,632.00,"32,864.00"
2026-03-03,1345,2026030305014597,SHIVM,34,67,30,632.00,"18,960.00"
2026-03-03,1346,2026030305014589,SHIVM,19,61,24,633.00,"15,192.00"
2026-03-03,1347,2026030305014917,SHIVM,56,67,108,632.00,"68,256.00"
2026-03-03,1348,2026030305014733,SHIVM,42,67,10,632.00,"6,320.00"
2026-03-03,1349,2026030305014731,SHIVM,14,67,42,632.00,"26,544.00"
2026-03-03,1350,2026030305014730,SHIVM,49,67,35,632.00,"22,120.00"
2026-03-03,1351,2026030305014658,SHIVM,34,55,1,627.00,627.00
2026-03-03,1352,2026030305014598,SHIVM,45,67,775,632.00,"489,800.00"
2026-03-03,1353,2026030305014671,SIKLES,62,55,40,616.90,"24,676.00"
2026-03-03,1354,2026030305014670,SIKLES,62,60,30,616.50,"18,495.00"
2026-03-03,1355,2026030305014564,SLCF,14,46,"1,500",9.68,"14,520.00"
2026-03-03,1356,2026030305014714,SMATA,42,42,10,798.00,"7,980.00"
2026-03-03,1357,2026030305014663,SMATA,42,39,112,798.00,"89,376.00"
2026-03-03,1358,2026030305014913,SMH,29,41,20,633.00,"12,660.00"
2026-03-03,1359,2026030305014676,SMH,43,41,40,633.00,"25,320.00"
2026-03-03,1360,2026030305014611,SMH,44,41,29,633.00,"18,357.00"
2026-03-03,1361,2026030305014997,SMHL,65,58,35,468.00,"16,380.00"
2026-03-03,1362,2026030305014980,SMHL,42,58,230,468.00,"107,640.00"
2026-03-03,1363,2026030305014969,SMHL,45,91,"1,452",467.30,"678,519.60"
2026-03-03,1364,2026030305014968,SMHL,45,91,"2,300",467.40,"1,075,020.00"
2026-03-03,1365,2026030305014967,SMHL,32,91,500,467.40,"233,700.00"
2026-03-03,1366,2026030305014966,SMHL,49,91,"1,000",467.40,"467,400.00"
2026-03-03,1367,2026030305014594,SMHL,65,59,"1,367",468.80,"640,849.60"
2026-03-03,1368,2026030305014593,SMHL,65,14,975,468.80,"457,080.00"
2026-03-03,1369,2026030305014592,SMHL,65,45,633,468.70,"296,687.10"
2026-03-03,1370,2026030305014578,SMHL,74,1,200,468.00,"93,600.00"
2026-03-03,1371,2026030305014935,SMHL,32,33,51,468.00,"23,868.00"
2026-03-03,1372,2026030305014934,SMHL,59,59,100,468.80,"46,880.00"
2026-03-03,1373,2026030305014765,SMHL,44,59,30,468.80,"14,064.00"
2026-03-03,1374,2026030305014763,SMHL,18,46,995,468.00,"465,660.00"
2026-03-03,1375,2026030305014687,SMHL,57,46,50,468.70,"23,435.00"
2026-03-03,1376,2026030305014652,SMHL,57,16,50,468.00,"23,400.00"
2026-03-03,1377,2026030305014959,SMHL,48,91,500,467.70,"233,850.00"
2026-03-03,1378,2026030305014958,SMHL,44,91,50,467.80,"23,390.00"
2026-03-03,1379,2026030305014957,SMHL,34,91,10,468.00,"4,680.00"
2026-03-03,1380,2026030305014956,SMHL,49,91,"1,000",468.00,"468,000.00"
2026-03-03,1381,2026030305014955,SMHL,32,91,429,468.00,"200,772.00"
2026-03-03,1382,2026030305014950,SMHL,32,58,20,468.00,"9,360.00"
2026-03-03,1383,2026030305014965,SMHL,33,91,153,467.50,"71,527.50"
2026-03-03,1384,2026030305014964,SMHL,43,91,"1,000",467.50,"467,500.00"
2026-03-03,1385,2026030305014963,SMHL,20,91,"1,000",467.60,"467,600.00"
2026-03-03,1386,2026030305014962,SMHL,3,91,500,467.60,"233,800.00"
2026-03-03,1387,2026030305014961,SMHL,52,91,90,467.60,"42,084.00"
2026-03-03,1388,2026030305014960,SMHL,26,91,16,467.60,"7,481.60"
2026-03-03,1389,2026030305014686,SMJC,59,35,50,471.00,"23,550.00"
2026-03-03,1390,2026030305014685,SMJC,45,35,30,471.00,"14,130.00"
2026-03-03,1391,2026030305014684,SMJC,98,35,300,471.30,"141,390.00"
2026-03-03,1392,2026030305014979,SONA,32,34,40,438.80,"17,552.00"
2026-03-03,1393,2026030305014978,SONA,32,14,10,437.90,"4,379.00"
2026-03-03,1394,2026030305014896,SONA,32,34,55,438.80,"24,134.00"
2026-03-03,1395,2026030305014895,SONA,32,59,200,438.70,"87,740.00"
2026-03-03,1396,2026030305014894,SONA,32,35,10,438.60,"4,386.00"
2026-03-03,1397,2026030305014893,SONA,32,58,40,438.00,"17,520.00"
2026-03-03,1398,2026030305014691,SONA,35,101,170,436.00,"74,120.00"
2026-03-03,1399,2026030305014690,SONA,35,101,90,437.00,"39,330.00"
2026-03-03,1400,2026030305014708,SONA,35,68,90,438.00,"39,420.00"
2026-03-03,1401,2026030305014707,SONA,35,26,100,438.00,"43,800.00"
2026-03-03,1402,2026030305014706,SONA,35,64,190,438.00,"83,220.00"
2026-03-03,1403,2026030305014705,SONA,35,59,70,437.90,"30,653.00"
2026-03-03,1404,2026030305014704,SONA,35,58,10,437.50,"4,375.00"
2026-03-03,1405,2026030305014703,SONA,35,101,40,436.00,"17,440.00"
2026-03-03,1406,2026030305014886,SONA,32,41,50,438.00,"21,900.00"
2026-03-03,1407,2026030305014885,SONA,32,52,10,438.00,"4,380.00"
2026-03-03,1408,2026030305014884,SONA,32,58,40,438.00,"17,520.00"
2026-03-03,1409,2026030305014883,SONA,32,68,400,438.00,"175,200.00"
2026-03-03,1410,2026030305014882,SONA,32,16,100,437.90,"43,790.00"
2026-03-03,1411,2026030305014881,SONA,32,14,100,437.90,"43,790.00"
2026-03-03,1412,2026030305014892,SONA,32,6,300,438.00,"131,400.00"
2026-03-03,1413,2026030305014891,SONA,32,45,500,438.00,"219,000.00"
2026-03-03,1414,2026030305014890,SONA,32,58,150,438.00,"65,700.00"
2026-03-03,1415,2026030305014889,SONA,32,57,10,438.00,"4,380.00"
2026-03-03,1416,2026030305014888,SONA,32,37,10,438.00,"4,380.00"
2026-03-03,1417,2026030305014887,SONA,32,11,25,438.00,"10,950.00"
2026-03-03,1418,2026030305014998,SPC,41,58,150,502.50,"75,375.00"
2026-03-03,1419,2026030305014760,SPC,82,4,10,500.40,"5,004.00"
2026-03-03,1420,2026030305014803,SPHL,47,44,25,548.50,"13,712.50"
2026-03-03,1421,2026030305014875,SPL,82,10,65,707.60,"45,994.00"
2026-03-03,1422,2026030305014838,SPL,45,10,150,730.40,"109,560.00"
2026-03-03,1423,2026030305014837,SPL,45,10,185,730.50,"135,142.50"
2026-03-03,1424,2026030305014836,SPL,41,10,100,730.70,"73,070.00"
2026-03-03,1425,2026030305014835,SPL,38,10,135,731.00,"98,685.00"
2026-03-03,1426,2026030305014834,SPL,45,10,100,731.10,"73,110.00"
2026-03-03,1427,2026030305014833,SPL,55,10,100,731.20,"73,120.00"
2026-03-03,1428,2026030305014844,SPL,59,10,34,728.00,"24,752.00"
2026-03-03,1429,2026030305014843,SPL,36,10,25,730.00,"18,250.00"
2026-03-03,1430,2026030305014842,SPL,58,10,124,730.00,"90,520.00"
2026-03-03,1431,2026030305014841,SPL,22,10,21,730.00,"15,330.00"
2026-03-03,1432,2026030305014840,SPL,49,10,36,730.00,"26,280.00"
2026-03-03,1433,2026030305014839,SPL,48,10,15,730.30,"10,954.50"
2026-03-03,1434,2026030305014850,SPL,57,10,10,721.00,"7,210.00"
2026-03-03,1435,2026030305014849,SPL,34,10,40,722.00,"28,880.00"
2026-03-03,1436,2026030305014848,SPL,58,10,10,722.30,"7,223.00"
2026-03-03,1437,2026030305014847,SPL,11,10,100,727.00,"72,700.00"
2026-03-03,1438,2026030305014846,SPL,29,10,40,727.00,"29,080.00"
2026-03-03,1439,2026030305014845,SPL,45,10,200,727.50,"145,500.00"
2026-03-03,1440,2026030305014856,SPL,58,10,10,716.00,"7,160.00"
2026-03-03,1441,2026030305014855,SPL,45,10,50,716.20,"35,810.00"
2026-03-03,1442,2026030305014854,SPL,33,10,10,716.40,"7,164.00"
2026-03-03,1443,2026030305014853,SPL,95,10,100,717.00,"71,700.00"
2026-03-03,1444,2026030305014852,SPL,89,10,50,717.60,"35,880.00"
2026-03-03,1445,2026030305014851,SPL,42,10,50,720.00,"36,000.00"
2026-03-03,1446,2026030305014862,SPL,42,10,50,712.00,"35,600.00"
2026-03-03,1447,2026030305014861,SPL,25,10,10,712.00,"7,120.00"
2026-03-03,1448,2026030305014860,SPL,88,10,40,712.00,"28,480.00"
2026-03-03,1449,2026030305014859,SPL,34,10,50,715.00,"35,750.00"
2026-03-03,1450,2026030305014858,SPL,58,10,70,715.00,"50,050.00"
2026-03-03,1451,2026030305014857,SPL,52,10,50,716.00,"35,800.00"
2026-03-03,1452,2026030305014868,SPL,33,10,500,711.50,"355,750.00"
2026-03-03,1453,2026030305014867,SPL,19,10,10,711.50,"7,115.00"
2026-03-03,1454,2026030305014866,SPL,33,10,10,711.50,"7,115.00"
2026-03-03,1455,2026030305014865,SPL,90,10,200,711.60,"142,320.00"
2026-03-03,1456,2026030305014864,SPL,90,10,200,711.60,"142,320.00"
2026-03-03,1457,2026030305014863,SPL,33,10,"1,100",712.00,"783,200.00"
2026-03-03,1458,2026030305014874,SPL,48,10,"1,000",707.60,"707,600.00"
2026-03-03,1459,2026030305014873,SPL,62,10,100,707.60,"70,760.00"
2026-03-03,1460,2026030305014872,SPL,34,10,100,707.70,"70,770.00"
2026-03-03,1461,2026030305014871,SPL,55,10,500,708.00,"354,000.00"
2026-03-03,1462,2026030305014870,SPL,51,10,50,710.00,"35,500.00"
2026-03-03,1463,2026030305014869,SPL,71,10,700,710.10,"497,070.00"
2026-03-03,1464,2026030305014972,TAMOR,22,38,25,429.50,"10,737.50"
2026-03-03,1465,2026030305014932,TAMOR,26,35,80,429.00,"34,320.00"
2026-03-03,1466,2026030305014558,TAMOR,42,35,220,429.00,"94,380.00"
2026-03-03,1467,2026030305014928,TPC,11,34,40,391.00,"15,640.00"
2026-03-03,1468,2026030305014927,TPC,58,34,60,391.10,"23,466.00"
2026-03-03,1469,2026030305014897,TPC,29,54,100,391.90,"39,190.00"
2026-03-03,1470,2026030305014793,TPC,11,34,10,391.00,"3,910.00"
2026-03-03,1471,2026030305014792,TPC,59,34,90,391.00,"35,190.00"
2026-03-03,1472,2026030305014713,TPC,59,34,100,391.00,"39,100.00"
2026-03-03,1473,2026030305014712,TPC,59,41,20,391.00,"7,820.00"
2026-03-03,1474,2026030305014683,TPC,59,14,290,391.00,"113,390.00"
2026-03-03,1475,2026030305014682,TPC,64,14,210,391.00,"82,110.00"
2026-03-03,1476,2026030305015026,TVCL,81,42,500,645.00,"322,500.00"
2026-03-03,1477,2026030305015004,TVCL,81,11,45,645.00,"29,025.00"
2026-03-03,1478,2026030305014976,TVCL,81,60,772,645.00,"497,940.00"
2026-03-03,1479,2026030305014735,TVCL,81,60,570,645.00,"367,650.00"
2026-03-03,1480,2026030305014734,TVCL,81,60,430,648.00,"278,640.00"
2026-03-03,1481,2026030305014569,TVCL,81,58,125,648.00,"81,000.00"
2026-03-03,1482,2026030305014568,TVCL,81,58,75,648.00,"48,600.00"
2026-03-03,1483,2026030305014742,UHEWA,39,44,171,569.80,"97,435.80"
2026-03-03,1484,2026030305014741,UHEWA,39,32,500,569.40,"284,700.00"
2026-03-03,1485,2026030305014740,UHEWA,39,51,200,569.00,"113,800.00"
2026-03-03,1486,2026030305014739,UHEWA,39,50,119,569.00,"67,711.00"
2026-03-03,1487,2026030305014738,UHEWA,39,58,10,568.00,"5,680.00"
2026-03-03,1488,2026030305014606,UHEWA,48,44,200,568.90,"113,780.00"
2026-03-03,1489,2026030305014570,UHEWA,48,28,300,568.90,"170,670.00"
2026-03-03,1490,2026030305014779,ULHC,13,34,10,564.00,"5,640.00"
2026-03-03,1491,2026030305014662,ULHC,13,66,20,564.00,"11,280.00"
2026-03-03,1492,2026030305014653,ULHC,13,48,10,564.00,"5,640.00"
2026-03-03,1493,2026030305014591,ULHC,16,16,180,564.80,"101,664.00"
2026-03-03,1494,2026030305014590,ULHC,16,45,50,564.50,"28,225.00"
2026-03-03,1495,2026030305014922,USHEC,39,64,200,481.00,"96,200.00"
2026-03-03,1496,2026030305014921,USHEC,39,38,10,481.00,"4,810.00"
2026-03-03,1497,2026030305014920,USHEC,39,55,36,481.00,"17,316.00"
2026-03-03,1498,2026030305015028,USHL,95,33,10,725.00,"7,250.00"
2026-03-03,1499,2026030305014899,USHL,49,42,100,729.00,"72,900.00"
2026-03-03,1500,2026030305014777,USHL,32,14,10,727.00,"7,270.00"
2026-03-03,1501,2026030305014421,AHL,3,57,298,505.00,"150,490.00"
2026-03-03,1502,2026030305014202,AHL,7,57,55,505.00,"27,775.00"
2026-03-03,1503,2026030305014149,AHL,38,57,50,505.00,"25,250.00"
2026-03-03,1504,2026030305014441,BBC,63,60,10,"4,623.00","46,230.00"
2026-03-03,1505,2026030305014440,BBC,81,60,10,"4,630.10","46,301.00"
2026-03-03,1506,2026030305014439,BBC,32,60,10,"4,630.10","46,301.00"
2026-03-03,1507,2026030305014167,BBC,22,60,10,"4,630.20","46,302.00"
2026-03-03,1508,2026030305014093,BBC,62,60,10,"4,695.00","46,950.00"
2026-03-03,1509,2026030305014287,BEDC,77,32,50,520.00,"26,000.00"
2026-03-03,1510,2026030305014286,BEDC,77,52,150,520.00,"78,000.00"
