date,sn,contract_no,stock_symbol,buyer,seller,quantity,rate,amount
2026-03-25,1,2026032505035938,BBC,58,48,10,"5,499.00","54,990.00"
2026-03-25,2,2026032505035792,BBC,58,35,10,"5,479.00","54,790.00"
2026-03-25,3,2026032505035791,BBC,58,45,10,"5,479.00","54,790.00"
2026-03-25,4,2026032505035705,BBC,58,43,10,"5,449.00","54,490.00"
2026-03-25,5,2026032505035929,BGWT,47,47,10,787.00,"7,870.00"
2026-03-25,6,2026032505035598,BHDC,38,4,100,498.00,"49,800.00"
2026-03-25,7,2026032505035579,BHDC,42,48,300,496.00,"148,800.00"
2026-03-25,8,2026032505035976,BHL,32,42,10,248.00,"2,480.00"
2026-03-25,9,2026032505035957,BHL,40,64,462,247.00,"114,114.00"
2026-03-25,10,2026032505035956,BHL,51,64,25,247.00,"6,175.00"
2026-03-25,11,2026032505035955,BHL,25,64,513,247.00,"126,711.00"
2026-03-25,12,2026032505035868,BHL,25,21,"1,900",247.00,"469,300.00"
2026-03-25,13,2026032505035867,BHL,58,21,100,247.90,"24,790.00"
2026-03-25,14,2026032505035562,BHL,48,50,250,248.00,"62,000.00"
2026-03-25,15,2026032505035560,BHL,48,58,50,248.00,"12,400.00"
2026-03-25,16,2026032505035532,BHL,39,58,93,248.00,"23,064.00"
2026-03-25,17,2026032505035531,BHL,35,58,167,248.00,"41,416.00"
2026-03-25,18,2026032505035530,BHL,53,37,500,248.50,"124,250.00"
2026-03-25,19,2026032505035611,BHL,17,50,28,248.00,"6,944.00"
2026-03-25,20,2026032505035604,BHL,32,37,10,248.50,"2,485.00"
2026-03-25,21,2026032505035603,BHL,17,55,400,248.00,"99,200.00"
2026-03-25,22,2026032505035602,BHL,17,26,60,248.00,"14,880.00"
2026-03-25,23,2026032505035576,BHL,17,19,100,248.00,"24,800.00"
2026-03-25,24,2026032505035563,BHL,17,50,412,248.00,"102,176.00"
2026-03-25,25,2026032505035617,BHL,45,50,"1,000",248.00,"248,000.00"
2026-03-25,26,2026032505035616,BHL,45,50,50,248.00,"12,400.00"
2026-03-25,27,2026032505035615,BHL,48,50,500,248.00,"124,000.00"
2026-03-25,28,2026032505035614,BHL,57,50,100,248.00,"24,800.00"
2026-03-25,29,2026032505035613,BHL,59,50,100,248.00,"24,800.00"
2026-03-25,30,2026032505035612,BHL,45,50,500,248.00,"124,000.00"
2026-03-25,31,2026032505035658,BHL,58,91,300,248.00,"74,400.00"
2026-03-25,32,2026032505035624,BHL,45,91,178,248.00,"44,144.00"
2026-03-25,33,2026032505035623,BHL,45,50,822,248.00,"203,856.00"
2026-03-25,34,2026032505035622,BHL,58,50,400,248.00,"99,200.00"
2026-03-25,35,2026032505035619,BHL,53,50,"1,000",248.00,"248,000.00"
2026-03-25,36,2026032505035618,BHL,32,50,500,248.00,"124,000.00"
2026-03-25,37,2026032505035727,BHL,34,94,100,247.90,"24,790.00"
2026-03-25,38,2026032505035718,BHL,17,42,40,248.00,"9,920.00"
2026-03-25,39,2026032505035700,BHL,14,42,464,248.00,"115,072.00"
2026-03-25,40,2026032505035699,BHL,14,52,245,248.00,"60,760.00"
2026-03-25,41,2026032505035698,BHL,14,91,282,248.00,"69,936.00"
2026-03-25,42,2026032505035672,BHL,44,91,240,248.00,"59,520.00"
2026-03-25,43,2026032505035733,BHL,29,94,200,247.50,"49,500.00"
2026-03-25,44,2026032505035732,BHL,64,94,100,247.60,"24,760.00"
2026-03-25,45,2026032505035731,BHL,26,94,200,247.60,"49,520.00"
2026-03-25,46,2026032505035730,BHL,56,94,800,247.60,"198,080.00"
2026-03-25,47,2026032505035729,BHL,42,94,100,247.60,"24,760.00"
2026-03-25,48,2026032505035728,BHL,32,94,200,247.80,"49,560.00"
2026-03-25,49,2026032505035739,BHL,11,94,"1,600",247.00,"395,200.00"
2026-03-25,50,2026032505035738,BHL,36,94,20,247.10,"4,942.00"
2026-03-25,51,2026032505035737,BHL,57,94,"2,000",247.20,"494,400.00"
2026-03-25,52,2026032505035736,BHL,45,94,200,247.30,"49,460.00"
2026-03-25,53,2026032505035735,BHL,38,94,150,247.50,"37,125.00"
2026-03-25,54,2026032505035734,BHL,37,94,300,247.50,"74,250.00"
2026-03-25,55,2026032505035745,BHL,1,94,500,247.00,"123,500.00"
2026-03-25,56,2026032505035744,BHL,81,94,100,247.00,"24,700.00"
2026-03-25,57,2026032505035743,BHL,5,94,200,247.00,"49,400.00"
2026-03-25,58,2026032505035742,BHL,28,94,"1,000",247.00,"247,000.00"
2026-03-25,59,2026032505035741,BHL,4,94,200,247.00,"49,400.00"
2026-03-25,60,2026032505035740,BHL,17,94,10,247.00,"2,470.00"
2026-03-25,61,2026032505035751,BHL,32,94,100,247.00,"24,700.00"
2026-03-25,62,2026032505035750,BHL,50,94,500,247.00,"123,500.00"
2026-03-25,63,2026032505035749,BHL,21,94,18,247.00,"4,446.00"
2026-03-25,64,2026032505035748,BHL,58,94,25,247.00,"6,175.00"
2026-03-25,65,2026032505035747,BHL,41,94,250,247.00,"61,750.00"
2026-03-25,66,2026032505035746,BHL,89,94,100,247.00,"24,700.00"
2026-03-25,67,2026032505035757,BHL,7,94,10,247.00,"2,470.00"
2026-03-25,68,2026032505035756,BHL,67,94,500,247.00,"123,500.00"
2026-03-25,69,2026032505035755,BHL,42,94,300,247.00,"74,100.00"
2026-03-25,70,2026032505035754,BHL,57,94,200,247.00,"49,400.00"
2026-03-25,71,2026032505035753,BHL,48,94,400,247.00,"98,800.00"
2026-03-25,72,2026032505035752,BHL,33,94,200,247.00,"49,400.00"
2026-03-25,73,2026032505035793,BHL,32,42,10,248.00,"2,480.00"
2026-03-25,74,2026032505035762,BHL,25,94,587,247.00,"144,989.00"
2026-03-25,75,2026032505035761,BHL,14,94,100,247.00,"24,700.00"
2026-03-25,76,2026032505035760,BHL,58,94,"1,000",247.00,"247,000.00"
2026-03-25,77,2026032505035759,BHL,52,94,500,247.00,"123,500.00"
2026-03-25,78,2026032505035758,BHL,49,94,230,247.00,"56,810.00"
2026-03-25,79,2026032505035937,BHPL,1,58,135,585.00,"78,975.00"
2026-03-25,80,2026032505035936,BHPL,1,48,201,583.00,"117,183.00"
2026-03-25,81,2026032505035935,BHPL,1,49,164,582.00,"95,448.00"
2026-03-25,82,2026032505035799,BHPL,58,49,50,582.00,"29,100.00"
2026-03-25,83,2026032505035798,BHPL,36,49,50,582.20,"29,110.00"
2026-03-25,84,2026032505035797,BHPL,58,49,10,582.20,"5,822.00"
2026-03-25,85,2026032505035796,BHPL,57,49,41,582.20,"23,870.20"
2026-03-25,86,2026032505035795,BHPL,28,49,50,582.30,"29,115.00"
2026-03-25,87,2026032505035668,BHPL,53,48,30,583.00,"17,490.00"
2026-03-25,88,2026032505035621,BHPL,36,48,10,583.00,"5,830.00"
2026-03-25,89,2026032505035934,CHDC,32,34,12,"2,574.00","30,888.00"
2026-03-25,90,2026032505035866,CHDC,50,74,20,"2,587.00","51,740.00"
2026-03-25,91,2026032505035915,CIT,58,45,20,"1,870.00","37,400.00"
2026-03-25,92,2026032505035671,CIT,37,41,24,"1,871.00","44,904.00"
2026-03-25,93,2026032505035535,DOLTI,21,25,10,517.90,"5,179.00"
2026-03-25,94,2026032505035983,DORDI,42,20,10,311.00,"3,110.00"
2026-03-25,95,2026032505035894,DORDI,43,20,10,311.00,"3,110.00"
2026-03-25,96,2026032505035877,DORDI,44,16,100,310.00,"31,000.00"
2026-03-25,97,2026032505035876,DORDI,44,51,200,310.00,"62,000.00"
2026-03-25,98,2026032505035875,DORDI,44,33,160,310.00,"49,600.00"
2026-03-25,99,2026032505035874,DORDI,44,35,20,309.90,"6,198.00"
2026-03-25,100,2026032505035873,DORDI,44,38,160,309.50,"49,520.00"
2026-03-25,101,2026032505035872,DORDI,44,34,130,309.40,"40,222.00"
2026-03-25,102,2026032505035548,DORDI,38,42,450,309.00,"139,050.00"
2026-03-25,103,2026032505035547,DORDI,46,42,"1,000",309.00,"309,000.00"
2026-03-25,104,2026032505035546,DORDI,38,42,50,309.00,"15,450.00"
2026-03-25,105,2026032505035864,EHPL,26,49,50,445.00,"22,250.00"
2026-03-25,106,2026032505035863,EHPL,57,49,50,445.10,"22,255.00"
2026-03-25,107,2026032505035961,ENL,55,59,20,974.00,"19,480.00"
2026-03-25,108,2026032505035960,ENL,55,3,20,967.90,"19,358.00"
2026-03-25,109,2026032505035959,ENL,55,42,10,967.00,"9,670.00"
2026-03-25,110,2026032505035931,ENL,80,42,10,967.00,"9,670.00"
2026-03-25,111,2026032505035601,ENL,44,48,149,950.00,"141,550.00"
2026-03-25,112,2026032505035600,ENL,21,48,50,951.00,"47,550.00"
2026-03-25,113,2026032505035599,ENL,48,48,90,951.20,"85,608.00"
2026-03-25,114,2026032505035552,ENL,63,3,10,967.90,"9,679.00"
2026-03-25,115,2026032505035534,GCIL,53,81,"1,000",461.70,"461,700.00"
2026-03-25,116,2026032505035775,GCIL,53,34,200,461.70,"92,340.00"
2026-03-25,117,2026032505035763,GCIL,58,1,10,462.00,"4,620.00"
2026-03-25,118,2026032505035569,GCIL,99,1,110,462.00,"50,820.00"
2026-03-25,119,2026032505035849,GVL,60,44,"2,012",516.00,"1,038,192.00"
2026-03-25,120,2026032505035848,GVL,60,60,500,515.00,"257,500.00"
2026-03-25,121,2026032505035847,GVL,60,42,438,515.00,"225,570.00"
2026-03-25,122,2026032505035846,GVL,60,38,50,514.90,"25,745.00"
2026-03-25,123,2026032505035625,GVL,58,6,730,514.00,"375,220.00"
2026-03-25,124,2026032505035609,GVL,13,17,100,514.10,"51,410.00"
2026-03-25,125,2026032505035571,HATHY,44,29,420,940.60,"395,052.00"
2026-03-25,126,2026032505035570,HATHY,38,29,80,940.60,"75,248.00"
2026-03-25,127,2026032505035928,HDL,47,34,50,"1,235.00","61,750.00"
2026-03-25,128,2026032505035693,HDL,75,34,10,"1,235.00","12,350.00"
2026-03-25,129,2026032505035572,HDL,29,34,25,"1,235.00","30,875.00"
2026-03-25,130,2026032505035772,HHL,80,48,210,376.10,"78,981.00"
2026-03-25,131,2026032505035682,HHL,38,58,60,376.00,"22,560.00"
2026-03-25,132,2026032505035681,HHL,38,57,25,376.00,"9,400.00"
2026-03-25,133,2026032505035630,HHL,35,57,100,376.00,"37,600.00"
2026-03-25,134,2026032505035620,HHL,16,47,10,375.80,"3,758.00"
2026-03-25,135,2026032505035974,HIDCL,56,42,"2,614",301.00,"786,814.00"
2026-03-25,136,2026032505035973,HIDCL,51,42,150,301.00,"45,150.00"
2026-03-25,137,2026032505035972,HIDCL,1,42,500,301.10,"150,550.00"
2026-03-25,138,2026032505035971,HIDCL,58,42,"1,000",301.10,"301,100.00"
2026-03-25,139,2026032505035970,HIDCL,53,42,10,301.50,"3,015.00"
2026-03-25,140,2026032505035969,HIDCL,45,42,"2,000",301.50,"603,000.00"
2026-03-25,141,2026032505035670,HIDCL,44,98,142,301.00,"42,742.00"
2026-03-25,142,2026032505035663,HIDCL,44,7,68,301.00,"20,468.00"
2026-03-25,143,2026032505035662,HIDCL,59,7,132,301.00,"39,732.00"
2026-03-25,144,2026032505035610,HIDCL,59,57,20,301.00,"6,020.00"
2026-03-25,145,2026032505035785,HIDCL,58,60,400,301.00,"120,400.00"
2026-03-25,146,2026032505035784,HIDCL,7,60,20,301.00,"6,020.00"
2026-03-25,147,2026032505035783,HIDCL,44,60,"2,775",301.00,"835,275.00"
2026-03-25,148,2026032505035782,HIDCL,49,60,10,301.20,"3,012.00"
2026-03-25,149,2026032505035773,HIDCL,14,32,200,301.50,"60,300.00"
2026-03-25,150,2026032505035683,HIDCL,44,38,15,301.00,"4,515.00"
2026-03-25,151,2026032505035968,HIDCL,36,42,144,301.50,"43,416.00"
2026-03-25,152,2026032505035930,HIDCL,62,45,10,301.60,"3,016.00"
2026-03-25,153,2026032505035794,HIDCL,36,32,56,301.50,"16,884.00"
2026-03-25,154,2026032505035788,HIDCL,48,60,943,300.60,"283,465.80"
2026-03-25,155,2026032505035787,HIDCL,42,60,500,300.70,"150,350.00"
2026-03-25,156,2026032505035786,HIDCL,62,60,352,300.80,"105,881.60"
2026-03-25,157,2026032505035927,HRL,56,58,48,876.20,"42,057.60"
2026-03-25,158,2026032505035926,HRL,28,58,100,876.20,"87,620.00"
2026-03-25,159,2026032505035925,HRL,36,58,100,876.20,"87,620.00"
2026-03-25,160,2026032505035924,HRL,82,58,10,876.30,"8,763.00"
2026-03-25,161,2026032505035923,HRL,88,58,10,876.50,"8,765.00"
2026-03-25,162,2026032505035922,HRL,65,58,10,876.60,"8,766.00"
2026-03-25,163,2026032505035581,HRL,94,58,100,880.00,"88,000.00"
2026-03-25,164,2026032505035580,HRL,35,58,27,880.00,"23,760.00"
2026-03-25,165,2026032505035587,HRL,32,58,200,877.20,"175,440.00"
2026-03-25,166,2026032505035586,HRL,38,58,20,878.00,"17,560.00"
2026-03-25,167,2026032505035585,HRL,67,58,154,878.00,"135,212.00"
2026-03-25,168,2026032505035584,HRL,35,58,20,879.00,"17,580.00"
2026-03-25,169,2026032505035583,HRL,61,58,20,879.00,"17,580.00"
2026-03-25,170,2026032505035582,HRL,42,58,55,879.50,"48,372.50"
2026-03-25,171,2026032505035593,HRL,38,58,500,877.00,"438,500.00"
2026-03-25,172,2026032505035592,HRL,7,58,35,877.00,"30,695.00"
2026-03-25,173,2026032505035591,HRL,6,58,500,877.00,"438,500.00"
2026-03-25,174,2026032505035590,HRL,32,58,10,877.00,"8,770.00"
2026-03-25,175,2026032505035589,HRL,43,58,25,877.10,"21,927.50"
2026-03-25,176,2026032505035588,HRL,13,58,60,877.10,"52,626.00"
2026-03-25,177,2026032505035703,HRL,55,1,80,880.00,"70,400.00"
2026-03-25,178,2026032505035702,HRL,58,1,20,880.00,"17,600.00"
2026-03-25,179,2026032505035597,HRL,21,58,229,877.00,"200,833.00"
2026-03-25,180,2026032505035596,HRL,38,58,10,877.00,"8,770.00"
2026-03-25,181,2026032505035595,HRL,25,58,10,877.00,"8,770.00"
2026-03-25,182,2026032505035594,HRL,38,58,25,877.00,"21,925.00"
2026-03-25,183,2026032505035721,HRL,58,56,135,879.00,"118,665.00"
2026-03-25,184,2026032505035720,HRL,35,56,500,879.00,"439,500.00"
2026-03-25,185,2026032505035719,HRL,45,56,30,879.30,"26,379.00"
2026-03-25,186,2026032505035715,HRL,57,74,100,880.00,"88,000.00"
2026-03-25,187,2026032505035714,HRL,55,74,70,880.00,"61,600.00"
2026-03-25,188,2026032505035921,HRL,21,58,271,877.00,"237,667.00"
2026-03-25,189,2026032505035920,HRL,58,58,402,879.00,"353,358.00"
2026-03-25,190,2026032505035919,HRL,56,58,116,880.00,"102,080.00"
2026-03-25,191,2026032505035910,HRL,56,44,30,880.00,"26,400.00"
2026-03-25,192,2026032505035865,HRL,56,57,350,880.00,"308,000.00"
2026-03-25,193,2026032505035830,HRL,56,74,70,880.00,"61,600.00"
2026-03-25,194,2026032505035857,IHL,45,34,200,521.00,"104,200.00"
2026-03-25,195,2026032505035810,ILI,18,50,19,467.00,"8,873.00"
2026-03-25,196,2026032505035809,ILI,53,50,540,467.00,"252,180.00"
2026-03-25,197,2026032505035808,ILI,26,50,300,467.10,"140,130.00"
2026-03-25,198,2026032505035807,ILI,58,50,50,467.20,"23,360.00"
2026-03-25,199,2026032505035806,ILI,26,50,186,467.20,"86,899.20"
2026-03-25,200,2026032505035805,ILI,55,50,200,467.50,"93,500.00"
2026-03-25,201,2026032505035526,ILI,50,66,12,470.00,"5,640.00"
2026-03-25,202,2026032505035525,ILI,50,56,12,470.00,"5,640.00"
2026-03-25,203,2026032505035524,ILI,50,21,20,470.00,"9,400.00"
2026-03-25,204,2026032505035523,ILI,50,7,500,469.90,"234,950.00"
2026-03-25,205,2026032505035522,ILI,50,45,12,469.00,"5,628.00"
2026-03-25,206,2026032505035521,ILI,50,38,75,469.00,"35,175.00"
2026-03-25,207,2026032505035804,ILI,29,50,276,468.00,"129,168.00"
2026-03-25,208,2026032505035803,ILI,55,50,100,468.10,"46,810.00"
2026-03-25,209,2026032505035802,ILI,58,50,94,468.10,"44,001.40"
2026-03-25,210,2026032505035529,ILI,50,42,157,470.00,"73,790.00"
2026-03-25,211,2026032505035528,ILI,50,29,200,470.00,"94,000.00"
2026-03-25,212,2026032505035527,ILI,50,22,12,470.00,"5,640.00"
2026-03-25,213,2026032505035914,KDBY,43,58,100,10.52,"1,052.00"
2026-03-25,214,2026032505035639,MAKAR,67,49,15,544.80,"8,172.00"
2026-03-25,215,2026032505035638,MAKAR,67,45,100,544.80,"54,480.00"
2026-03-25,216,2026032505035637,MAKAR,67,45,100,544.70,"54,470.00"
2026-03-25,217,2026032505035636,MAKAR,67,37,300,544.00,"163,200.00"
2026-03-25,218,2026032505035635,MAKAR,67,49,10,542.00,"5,420.00"
2026-03-25,219,2026032505035634,MAKAR,67,52,365,541.00,"197,465.00"
2026-03-25,220,2026032505035633,MAKAR,67,49,10,540.80,"5,408.00"
2026-03-25,221,2026032505035967,MBJC,38,49,10,318.00,"3,180.00"
2026-03-25,222,2026032505035985,MEHL,49,59,10,470.00,"4,700.00"
2026-03-25,223,2026032505035551,MEHL,42,58,120,469.00,"56,280.00"
2026-03-25,224,2026032505035550,MEHL,45,58,10,470.00,"4,700.00"
2026-03-25,225,2026032505035713,MEL,42,16,300,298.60,"89,580.00"
2026-03-25,226,2026032505035870,MHCL,34,55,40,383.00,"15,320.00"
2026-03-25,227,2026032505035918,MHL,101,81,18,548.00,"9,864.00"
2026-03-25,228,2026032505035917,MHL,58,81,80,548.00,"43,840.00"
2026-03-25,229,2026032505035812,MHL,47,36,146,550.20,"80,329.20"
2026-03-25,230,2026032505035811,MHL,35,36,110,551.00,"60,610.00"
2026-03-25,231,2026032505035789,MHL,6,59,10,552.00,"5,520.00"
2026-03-25,232,2026032505035818,MHL,38,36,100,550.00,"55,000.00"
2026-03-25,233,2026032505035817,MHL,45,36,100,550.00,"55,000.00"
2026-03-25,234,2026032505035816,MHL,42,36,500,550.00,"275,000.00"
2026-03-25,235,2026032505035815,MHL,94,36,"1,000",550.10,"550,100.00"
2026-03-25,236,2026032505035814,MHL,6,36,50,550.10,"27,505.00"
2026-03-25,237,2026032505035813,MHL,29,36,125,550.10,"68,762.50"
2026-03-25,238,2026032505035824,MHL,58,36,24,550.00,"13,200.00"
2026-03-25,239,2026032505035823,MHL,14,36,50,550.00,"27,500.00"
2026-03-25,240,2026032505035822,MHL,33,36,500,550.00,"275,000.00"
2026-03-25,241,2026032505035821,MHL,38,36,100,550.00,"55,000.00"
2026-03-25,242,2026032505035820,MHL,48,36,200,550.00,"110,000.00"
2026-03-25,243,2026032505035819,MHL,44,36,500,550.00,"275,000.00"
2026-03-25,244,2026032505035916,MHL,46,81,12,548.80,"6,585.60"
2026-03-25,245,2026032505035829,MHL,44,36,50,549.00,"27,450.00"
2026-03-25,246,2026032505035828,MHL,26,36,80,549.00,"43,920.00"
2026-03-25,247,2026032505035827,MHL,101,36,100,549.00,"54,900.00"
2026-03-25,248,2026032505035826,MHL,34,36,700,549.00,"384,300.00"
2026-03-25,249,2026032505035825,MHL,43,36,50,550.00,"27,500.00"
2026-03-25,250,2026032505035982,MKHC,49,42,100,349.10,"34,910.00"
2026-03-25,251,2026032505035981,MKHC,71,42,119,349.10,"41,542.90"
2026-03-25,252,2026032505035980,MKHC,58,42,80,349.50,"27,960.00"
2026-03-25,253,2026032505035979,MKHC,54,42,155,349.50,"54,172.50"
2026-03-25,254,2026032505035701,MKHC,54,34,732,349.50,"255,834.00"
2026-03-25,255,2026032505035642,MKHC,54,38,113,349.50,"39,493.50"
2026-03-25,256,2026032505035881,MKHL,84,42,10,798.00,"7,980.00"
2026-03-25,257,2026032505035978,MKJC,82,44,100,537.90,"53,790.00"
2026-03-25,258,2026032505035695,MKJC,82,44,100,537.90,"53,790.00"
2026-03-25,259,2026032505035641,MMF1,48,47,100,9.83,983.00
2026-03-25,260,2026032505035640,MMF1,48,4,200,9.82,"1,964.00"
2026-03-25,261,2026032505035911,NIFRA,50,32,222,289.00,"64,158.00"
2026-03-25,262,2026032505035861,NIFRA,50,45,40,289.00,"11,560.00"
2026-03-25,263,2026032505035790,NIFRA,26,41,500,290.00,"145,000.00"
2026-03-25,264,2026032505035568,NIFRA,1,41,500,290.00,"145,000.00"
2026-03-25,265,2026032505035564,NIFRA,50,45,99,289.00,"28,611.00"
2026-03-25,266,2026032505035545,NIFRA,42,45,523,289.00,"151,147.00"
2026-03-25,267,2026032505035691,NRIC,45,74,100,"1,267.80","126,780.00"
2026-03-25,268,2026032505035883,NRM,45,54,500,451.00,"225,500.00"
2026-03-25,269,2026032505035879,NRM,29,13,500,450.00,"225,000.00"
2026-03-25,270,2026032505035833,NRM,29,34,78,450.00,"35,100.00"
2026-03-25,271,2026032505035832,NRM,49,34,22,450.00,"9,900.00"
2026-03-25,272,2026032505035696,NRM,57,51,89,450.60,"40,103.40"
2026-03-25,273,2026032505035690,NRM,49,33,78,450.00,"35,100.00"
2026-03-25,274,2026032505035689,NRM,33,33,500,450.00,"225,000.00"
2026-03-25,275,2026032505035688,NRM,42,33,10,450.00,"4,500.00"
2026-03-25,276,2026032505035687,NRM,54,33,117,450.00,"52,650.00"
2026-03-25,277,2026032505035686,NRM,32,33,60,450.10,"27,006.00"
2026-03-25,278,2026032505035685,NRM,52,33,125,450.10,"56,262.50"
2026-03-25,279,2026032505035684,NRM,49,33,110,450.10,"49,511.00"
2026-03-25,280,2026032505035909,NRN,58,47,25,"1,609.00","40,225.00"
2026-03-25,281,2026032505035908,NRN,58,32,100,"1,609.00","160,900.00"
2026-03-25,282,2026032505035907,NRN,58,42,70,"1,608.10","112,567.00"
2026-03-25,283,2026032505035885,NRN,39,42,30,"1,608.10","48,243.00"
2026-03-25,284,2026032505035845,NRN,58,32,10,"1,609.00","16,090.00"
2026-03-25,285,2026032505035556,NRN,22,58,10,"1,609.00","16,090.00"
2026-03-25,286,2026032505035555,NRN,22,42,50,"1,609.00","80,450.00"
2026-03-25,287,2026032505035844,NRN,58,58,90,"1,609.00","144,810.00"
2026-03-25,288,2026032505035661,NTC,38,17,15,895.00,"13,425.00"
2026-03-25,289,2026032505035660,NTC,54,17,30,895.00,"26,850.00"
2026-03-25,290,2026032505035659,NTC,3,17,50,895.00,"44,750.00"
2026-03-25,291,2026032505035704,NYADI,49,19,40,441.00,"17,640.00"
2026-03-25,292,2026032505035886,PHCL,38,38,400,343.00,"137,200.00"
2026-03-25,293,2026032505035667,PHCL,38,57,30,343.00,"10,290.00"
2026-03-25,294,2026032505035666,PHCL,43,57,50,343.00,"17,150.00"
2026-03-25,295,2026032505035966,PPL,16,38,158,392.00,"61,936.00"
2026-03-25,296,2026032505035965,PPL,50,38,20,392.00,"7,840.00"
2026-03-25,297,2026032505035964,PPL,70,38,222,392.00,"87,024.00"
2026-03-25,298,2026032505035963,PPL,13,38,50,392.20,"19,610.00"
2026-03-25,299,2026032505035962,PPL,74,38,200,392.50,"78,500.00"
2026-03-25,300,2026032505035912,PPL,17,95,10,393.00,"3,930.00"
2026-03-25,301,2026032505035665,PPL,13,57,50,392.20,"19,610.00"
2026-03-25,302,2026032505035664,PPL,57,57,50,392.20,"19,610.00"
2026-03-25,303,2026032505035566,PPL,36,95,100,393.00,"39,300.00"
2026-03-25,304,2026032505035559,RAWA,57,55,11,718.80,"7,906.80"
2026-03-25,305,2026032505035558,RAWA,57,54,10,714.00,"7,140.00"
2026-03-25,306,2026032505035840,RFPL,58,43,10,424.00,"4,240.00"
2026-03-25,307,2026032505035627,RFPL,33,60,45,424.90,"19,120.50"
2026-03-25,308,2026032505035626,RFPL,33,84,55,424.00,"23,320.00"
2026-03-25,309,2026032505035554,RFPL,35,84,60,424.00,"25,440.00"
2026-03-25,310,2026032505035553,RFPL,94,84,885,424.00,"375,240.00"
2026-03-25,311,2026032505035541,RFPL,45,25,20,425.00,"8,500.00"
2026-03-25,312,2026032505035540,RFPL,45,43,180,424.90,"76,482.00"
2026-03-25,313,2026032505035878,RHGCL,58,41,10,323.00,"3,230.00"
2026-03-25,314,2026032505035869,RHGCL,34,51,80,322.30,"25,784.00"
2026-03-25,315,2026032505035856,RHGCL,6,51,20,322.30,"6,446.00"
2026-03-25,316,2026032505035801,RHGCL,58,57,204,322.20,"65,728.80"
2026-03-25,317,2026032505035800,RHGCL,41,57,186,322.30,"59,947.80"
2026-03-25,318,2026032505035544,RHGCL,41,42,214,322.30,"68,972.20"
2026-03-25,319,2026032505035543,RHGCL,13,42,100,322.30,"32,230.00"
2026-03-25,320,2026032505035542,RHGCL,56,42,486,323.00,"156,978.00"
2026-03-25,321,2026032505035984,RNLI,16,57,10,495.00,"4,950.00"
2026-03-25,322,2026032505035697,RNLI,49,53,150,491.50,"73,725.00"
2026-03-25,323,2026032505035575,RNLI,49,45,414,491.50,"203,481.00"
2026-03-25,324,2026032505035574,RNLI,7,45,50,491.50,"24,575.00"
2026-03-25,325,2026032505035573,RNLI,43,45,138,491.60,"67,840.80"
2026-03-25,326,2026032505036000,SAHAS,59,85,316,635.10,"200,691.60"
2026-03-25,327,2026032505035999,SAHAS,16,85,432,635.30,"274,449.60"
2026-03-25,328,2026032505035998,SAHAS,70,85,"4,252",636.00,"2,704,272.00"
2026-03-25,329,2026032505035933,SAHAS,70,45,150,636.00,"95,400.00"
2026-03-25,330,2026032505035932,SAHAS,70,14,598,636.00,"380,328.00"
2026-03-25,331,2026032505035725,SAHAS,5,14,402,636.00,"255,672.00"
2026-03-25,332,2026032505035724,SAHAS,5,58,13,636.00,"8,268.00"
2026-03-25,333,2026032505035723,SAHAS,5,77,822,636.00,"522,792.00"
2026-03-25,334,2026032505035722,SAHAS,5,26,300,635.60,"190,680.00"
2026-03-25,335,2026032505035629,SAHAS,16,38,200,635.30,"127,060.00"
2026-03-25,336,2026032505036018,SANVI,77,77,996,839.90,"836,540.40"
2026-03-25,337,2026032505036017,SANVI,77,26,250,839.90,"209,975.00"
2026-03-25,338,2026032505036016,SANVI,77,48,35,839.70,"29,389.50"
2026-03-25,339,2026032505036015,SANVI,77,32,80,839.40,"67,152.00"
2026-03-25,340,2026032505036014,SANVI,77,57,104,839.30,"87,287.20"
2026-03-25,341,2026032505036013,SANVI,77,86,400,839.00,"335,600.00"
2026-03-25,342,2026032505035549,SANVI,37,58,10,827.00,"8,270.00"
2026-03-25,343,2026032505035855,SANVI,83,45,54,832.90,"44,976.60"
2026-03-25,344,2026032505035854,SANVI,83,34,40,832.90,"33,316.00"
2026-03-25,345,2026032505035853,SANVI,83,58,10,830.00,"8,300.00"
2026-03-25,346,2026032505035852,SANVI,83,58,10,830.00,"8,300.00"
2026-03-25,347,2026032505035851,SANVI,83,41,10,830.00,"8,300.00"
2026-03-25,348,2026032505035850,SANVI,83,58,876,830.00,"727,080.00"
2026-03-25,349,2026032505036006,SANVI,77,38,10,837.50,"8,375.00"
2026-03-25,350,2026032505036005,SANVI,77,77,11,837.00,"9,207.00"
2026-03-25,351,2026032505036004,SANVI,77,58,10,836.00,"8,360.00"
2026-03-25,352,2026032505036003,SANVI,77,6,10,835.00,"8,350.00"
2026-03-25,353,2026032505036002,SANVI,77,25,10,835.00,"8,350.00"
2026-03-25,354,2026032505036001,SANVI,77,22,50,835.00,"41,750.00"
2026-03-25,355,2026032505036012,SANVI,77,57,157,838.30,"131,613.10"
2026-03-25,356,2026032505036011,SANVI,77,57,557,838.10,"466,821.70"
2026-03-25,357,2026032505036010,SANVI,77,57,200,838.10,"167,620.00"
2026-03-25,358,2026032505036009,SANVI,77,58,10,838.00,"8,380.00"
2026-03-25,359,2026032505036008,SANVI,77,48,100,838.00,"83,800.00"
2026-03-25,360,2026032505036007,SANVI,77,34,10,838.00,"8,380.00"
2026-03-25,361,2026032505035997,SHIVM,16,25,3,698.00,"2,094.00"
2026-03-25,362,2026032505035996,SHIVM,16,57,47,698.00,"32,806.00"
2026-03-25,363,2026032505035995,SHIVM,43,57,200,698.00,"139,600.00"
2026-03-25,364,2026032505035994,SHIVM,39,57,200,698.00,"139,600.00"
2026-03-25,365,2026032505035993,SHIVM,52,57,200,698.00,"139,600.00"
2026-03-25,366,2026032505035992,SHIVM,45,57,40,698.00,"27,920.00"
2026-03-25,367,2026032505035577,SHIVM,57,42,425,698.10,"296,692.50"
2026-03-25,368,2026032505035561,SHIVM,57,58,75,698.10,"52,357.50"
2026-03-25,369,2026032505035533,SHIVM,14,43,18,698.20,"12,567.60"
2026-03-25,370,2026032505035712,SHIVM,45,40,522,698.00,"364,356.00"
2026-03-25,371,2026032505035674,SHIVM,45,59,262,698.00,"182,876.00"
2026-03-25,372,2026032505035673,SHIVM,51,59,"3,738",698.00,"2,609,124.00"
2026-03-25,373,2026032505035632,SHIVM,35,45,18,698.50,"12,573.00"
2026-03-25,374,2026032505035631,SHIVM,35,43,82,698.20,"57,252.40"
2026-03-25,375,2026032505035578,SHIVM,51,42,25,698.00,"17,450.00"
2026-03-25,376,2026032505035769,SHIVM,62,36,64,698.00,"44,672.00"
2026-03-25,377,2026032505035768,SHIVM,21,36,75,698.00,"52,350.00"
2026-03-25,378,2026032505035767,SHIVM,21,36,360,698.00,"251,280.00"
2026-03-25,379,2026032505035766,SHIVM,58,36,50,698.00,"34,900.00"
2026-03-25,380,2026032505035765,SHIVM,45,36,216,698.00,"150,768.00"
2026-03-25,381,2026032505035764,SHIVM,43,36,100,698.10,"69,810.00"
2026-03-25,382,2026032505035837,SHIVM,4,81,"1,000",698.60,"698,600.00"
2026-03-25,383,2026032505035836,SHIVM,4,81,109,698.60,"76,147.40"
2026-03-25,384,2026032505035835,SHIVM,4,45,482,698.50,"336,677.00"
2026-03-25,385,2026032505035776,SHIVM,58,1,50,698.00,"34,900.00"
2026-03-25,386,2026032505035771,SHIVM,58,36,535,698.00,"373,430.00"
2026-03-25,387,2026032505035770,SHIVM,65,36,100,698.00,"69,800.00"
2026-03-25,388,2026032505035913,SHIVM,98,6,12,698.50,"8,382.00"
2026-03-25,389,2026032505035884,SHIVM,58,45,130,698.00,"90,740.00"
2026-03-25,390,2026032505035882,SHIVM,74,6,70,698.50,"48,895.00"
2026-03-25,391,2026032505035880,SHIVM,4,6,118,698.60,"82,434.80"
2026-03-25,392,2026032505035839,SHIVM,4,81,"1,000",698.60,"698,600.00"
2026-03-25,393,2026032505035838,SHIVM,4,81,"1,000",698.60,"698,600.00"
2026-03-25,394,2026032505035991,SHIVM,4,57,100,698.00,"69,800.00"
2026-03-25,395,2026032505035990,SHIVM,51,57,10,698.00,"6,980.00"
2026-03-25,396,2026032505035989,SHIVM,52,57,100,698.00,"69,800.00"
2026-03-25,397,2026032505035988,SHIVM,38,57,200,698.00,"139,600.00"
2026-03-25,398,2026032505035987,SHIVM,58,57,285,698.00,"198,930.00"
2026-03-25,399,2026032505035986,SHIVM,98,57,118,698.50,"82,423.00"
2026-03-25,400,2026032505035871,SMATA,58,38,106,866.50,"91,849.00"
2026-03-25,401,2026032505035895,SMH,22,74,25,640.30,"16,007.50"
2026-03-25,402,2026032505035781,SMH,40,74,10,640.30,"6,403.00"
2026-03-25,403,2026032505035628,SMH,38,74,10,640.30,"6,403.00"
2026-03-25,404,2026032505035862,SMHL,48,32,100,556.20,"55,620.00"
2026-03-25,405,2026032505035860,SMHL,48,42,82,556.20,"45,608.40"
2026-03-25,406,2026032505035859,SMHL,45,42,100,556.30,"55,630.00"
2026-03-25,407,2026032505035858,SMHL,58,42,118,556.30,"65,643.40"
2026-03-25,408,2026032505035711,SMHL,54,14,700,556.50,"389,550.00"
2026-03-25,409,2026032505035710,SMHL,42,14,225,556.50,"125,212.50"
2026-03-25,410,2026032505035605,SMHL,17,11,60,556.60,"33,396.00"
2026-03-25,411,2026032505035565,SMHL,34,11,100,556.60,"55,660.00"
2026-03-25,412,2026032505035557,SMHL,14,11,100,556.60,"55,660.00"
2026-03-25,413,2026032505035676,SMHL,49,45,50,556.50,"27,825.00"
2026-03-25,414,2026032505035675,SMHL,21,45,52,556.50,"28,938.00"
2026-03-25,415,2026032505035669,SMHL,45,58,100,556.90,"55,690.00"
2026-03-25,416,2026032505035608,SMHL,17,34,85,557.00,"47,345.00"
2026-03-25,417,2026032505035607,SMHL,17,42,200,556.70,"111,340.00"
2026-03-25,418,2026032505035606,SMHL,17,94,155,556.60,"86,273.00"
2026-03-25,419,2026032505035709,SMHL,39,14,20,556.50,"11,130.00"
2026-03-25,420,2026032505035708,SMHL,41,14,98,556.50,"54,537.00"
2026-03-25,421,2026032505035707,SMHL,45,14,332,556.50,"184,758.00"
2026-03-25,422,2026032505035706,SMHL,58,14,100,556.60,"55,660.00"
2026-03-25,423,2026032505035678,SMHL,45,45,38,556.50,"21,147.00"
2026-03-25,424,2026032505035677,SMHL,42,45,360,556.50,"200,340.00"
2026-03-25,425,2026032505036019,SMJC,19,71,10,505.00,"5,050.00"
2026-03-25,426,2026032505035977,SONA,32,25,10,482.00,"4,820.00"
2026-03-25,427,2026032505035780,SONA,48,64,"1,118",481.20,"537,981.60"
2026-03-25,428,2026032505035779,SONA,4,64,500,481.20,"240,600.00"
2026-03-25,429,2026032505035778,SONA,29,64,290,481.20,"139,548.00"
2026-03-25,430,2026032505035777,SONA,22,64,92,481.30,"44,279.60"
2026-03-25,431,2026032505035726,SONA,22,62,208,481.30,"100,110.40"
2026-03-25,432,2026032505035843,SPHL,45,1,70,566.40,"39,648.00"
2026-03-25,433,2026032505035842,SPHL,49,1,30,566.50,"16,995.00"
2026-03-25,434,2026032505035841,SPHL,43,1,50,567.00,"28,350.00"
2026-03-25,435,2026032505035567,SPL,53,14,10,760.90,"7,609.00"
2026-03-25,436,2026032505035906,STC,54,13,14,"6,100.00","85,400.00"
2026-03-25,437,2026032505035905,STC,54,41,10,"6,100.00","61,000.00"
2026-03-25,438,2026032505035904,STC,54,13,20,"6,100.00","122,000.00"
2026-03-25,439,2026032505035903,STC,54,39,11,"6,100.00","67,100.00"
2026-03-25,440,2026032505035902,STC,54,32,10,"6,100.00","61,000.00"
2026-03-25,441,2026032505035901,STC,54,74,100,"6,099.00","609,900.00"
2026-03-25,442,2026032505035900,STC,54,59,20,"6,089.00","121,780.00"
2026-03-25,443,2026032505035899,STC,54,45,80,"6,080.00","486,400.00"
2026-03-25,444,2026032505035898,STC,54,45,10,"6,079.00","60,790.00"
2026-03-25,445,2026032505035897,STC,54,1,10,"6,060.00","60,600.00"
2026-03-25,446,2026032505035896,STC,54,57,15,"6,060.00","90,900.00"
2026-03-25,447,2026032505036020,TAMOR,44,62,100,465.00,"46,500.00"
2026-03-25,448,2026032505035954,TAMOR,44,46,"1,194",465.00,"555,210.00"
2026-03-25,449,2026032505035953,TAMOR,13,49,530,466.00,"246,980.00"
2026-03-25,450,2026032505035952,TAMOR,13,45,10,466.00,"4,660.00"
2026-03-25,451,2026032505035951,TAMOR,13,6,250,466.00,"116,500.00"
2026-03-25,452,2026032505035950,TAMOR,13,32,10,466.00,"4,660.00"
2026-03-25,453,2026032505035646,TAMOR,44,58,382,465.00,"177,630.00"
2026-03-25,454,2026032505035645,TAMOR,44,25,20,464.90,"9,298.00"
2026-03-25,455,2026032505035644,TAMOR,44,81,120,464.00,"55,680.00"
2026-03-25,456,2026032505035643,TAMOR,44,56,500,463.80,"231,900.00"
2026-03-25,457,2026032505035652,TAMOR,44,6,10,465.00,"4,650.00"
2026-03-25,458,2026032505035651,TAMOR,44,43,200,465.00,"93,000.00"
2026-03-25,459,2026032505035650,TAMOR,44,69,300,465.00,"139,500.00"
2026-03-25,460,2026032505035649,TAMOR,44,40,300,465.00,"139,500.00"
2026-03-25,461,2026032505035648,TAMOR,44,58,10,465.00,"4,650.00"
2026-03-25,462,2026032505035647,TAMOR,44,49,40,465.00,"18,600.00"
2026-03-25,463,2026032505035692,TAMOR,44,67,150,465.00,"69,750.00"
2026-03-25,464,2026032505035657,TAMOR,44,50,500,465.00,"232,500.00"
2026-03-25,465,2026032505035656,TAMOR,44,57,290,465.00,"134,850.00"
2026-03-25,466,2026032505035655,TAMOR,44,49,20,465.00,"9,300.00"
2026-03-25,467,2026032505035654,TAMOR,44,42,600,465.00,"279,000.00"
2026-03-25,468,2026032505035653,TAMOR,44,6,50,465.00,"23,250.00"
2026-03-25,469,2026032505035943,TAMOR,13,44,10,465.50,"4,655.00"
2026-03-25,470,2026032505035942,TAMOR,13,44,10,465.40,"4,654.00"
2026-03-25,471,2026032505035941,TAMOR,13,44,10,465.30,"4,653.00"
2026-03-25,472,2026032505035940,TAMOR,13,6,10,465.20,"4,652.00"
2026-03-25,473,2026032505035939,TAMOR,13,44,10,465.10,"4,651.00"
2026-03-25,474,2026032505035694,TAMOR,44,49,10,465.00,"4,650.00"
2026-03-25,475,2026032505035949,TAMOR,13,49,10,466.00,"4,660.00"
2026-03-25,476,2026032505035948,TAMOR,13,42,100,466.00,"46,600.00"
2026-03-25,477,2026032505035947,TAMOR,13,44,10,465.90,"4,659.00"
2026-03-25,478,2026032505035946,TAMOR,13,44,10,465.80,"4,658.00"
2026-03-25,479,2026032505035945,TAMOR,13,44,10,465.70,"4,657.00"
2026-03-25,480,2026032505035944,TAMOR,13,44,10,465.60,"4,656.00"
2026-03-25,481,2026032505035893,TPC,26,55,225,410.00,"92,250.00"
2026-03-25,482,2026032505035892,TPC,47,55,50,410.00,"20,500.00"
2026-03-25,483,2026032505035891,TPC,58,55,50,410.00,"20,500.00"
2026-03-25,484,2026032505035890,TPC,57,55,"1,000",410.00,"410,000.00"
2026-03-25,485,2026032505035889,TPC,39,55,100,410.00,"41,000.00"
2026-03-25,486,2026032505035888,TPC,57,55,865,410.00,"354,650.00"
2026-03-25,487,2026032505035887,TPC,16,55,350,410.10,"143,535.00"
2026-03-25,488,2026032505035774,TPC,16,34,150,410.10,"61,515.00"
2026-03-25,489,2026032505035716,TPC,57,38,300,410.00,"123,000.00"
2026-03-25,490,2026032505035680,TPC,57,6,780,410.00,"319,800.00"
2026-03-25,491,2026032505035679,TPC,49,6,100,410.20,"41,020.00"
2026-03-25,492,2026032505035958,TVCL,35,26,10,621.90,"6,219.00"
2026-03-25,493,2026032505035538,UHEWA,62,59,20,621.00,"12,420.00"
2026-03-25,494,2026032505035537,UHEWA,34,59,100,622.00,"62,200.00"
2026-03-25,495,2026032505035536,UHEWA,40,59,30,623.00,"18,690.00"
2026-03-25,496,2026032505035717,ULHC,58,41,20,547.00,"10,940.00"
2026-03-25,497,2026032505035975,USHL,62,58,20,728.90,"14,578.00"
2026-03-25,498,2026032505035831,USHL,34,58,10,728.90,"7,289.00"
2026-03-25,499,2026032505035834,VLUCL,58,59,60,581.00,"34,860.00"
2026-03-25,500,2026032505035539,VLUCL,4,59,40,582.00,"23,280.00"
2026-03-25,501,2026032505035445,AHL,34,52,95,522.00,"49,590.00"
2026-03-25,502,2026032505035444,AHL,34,11,60,522.00,"31,320.00"
2026-03-25,503,2026032505035021,AHL,34,42,45,521.00,"23,445.00"
2026-03-25,504,2026032505035349,BGWT,47,14,119,790.00,"94,010.00"
2026-03-25,505,2026032505035348,BGWT,47,45,10,789.90,"7,899.00"
2026-03-25,506,2026032505035067,BGWT,47,58,66,782.50,"51,645.00"
2026-03-25,507,2026032505035066,BGWT,47,74,38,782.40,"29,731.20"
2026-03-25,508,2026032505035065,BGWT,47,74,310,781.90,"242,389.00"
2026-03-25,509,2026032505035064,BGWT,47,13,86,780.00,"67,080.00"
2026-03-25,510,2026032505035174,BGWT,47,34,80,785.00,"62,800.00"
2026-03-25,511,2026032505035173,BGWT,47,45,11,785.00,"8,635.00"
2026-03-25,512,2026032505035172,BGWT,47,58,10,784.00,"7,840.00"
2026-03-25,513,2026032505035171,BGWT,47,58,167,783.00,"130,761.00"
2026-03-25,514,2026032505035170,BGWT,47,58,24,782.50,"18,780.00"
2026-03-25,515,2026032505035341,BGWT,47,14,194,788.00,"152,872.00"
2026-03-25,516,2026032505035179,BGWT,47,14,106,788.00,"83,528.00"
2026-03-25,517,2026032505035178,BGWT,47,58,70,786.00,"55,020.00"
2026-03-25,518,2026032505035177,BGWT,47,100,11,785.00,"8,635.00"
2026-03-25,519,2026032505035176,BGWT,47,58,11,785.00,"8,635.00"
2026-03-25,520,2026032505035175,BGWT,47,58,10,785.00,"7,850.00"
2026-03-25,521,2026032505035347,BGWT,47,16,56,789.00,"44,184.00"
2026-03-25,522,2026032505035346,BGWT,47,58,20,789.00,"15,780.00"
2026-03-25,523,2026032505035345,BGWT,47,58,30,789.00,"23,670.00"
2026-03-25,524,2026032505035344,BGWT,47,49,10,788.50,"7,885.00"
2026-03-25,525,2026032505035343,BGWT,47,58,12,788.50,"9,462.00"
2026-03-25,526,2026032505035342,BGWT,47,38,49,788.00,"38,612.00"
2026-03-25,527,2026032505035434,BHDC,95,57,341,495.80,"169,067.80"
2026-03-25,528,2026032505035433,BHDC,45,57,25,495.90,"12,397.50"
2026-03-25,529,2026032505035432,BHDC,57,57,40,496.00,"19,840.00"
2026-03-25,530,2026032505035431,BHDC,41,57,50,496.00,"24,800.00"
2026-03-25,531,2026032505035430,BHDC,22,57,19,496.00,"9,424.00"
2026-03-25,532,2026032505035429,BHDC,48,57,25,497.00,"12,425.00"
2026-03-25,533,2026032505035336,BHDC,48,57,75,497.00,"37,275.00"
2026-03-25,534,2026032505035335,BHDC,34,57,25,497.00,"12,425.00"
2026-03-25,535,2026032505035086,BHDC,22,57,100,496.00,"49,600.00"
2026-03-25,536,2026032505035516,BHL,35,49,433,248.00,"107,384.00"
2026-03-25,537,2026032505035515,BHL,54,49,68,248.00,"16,864.00"
2026-03-25,538,2026032505035514,BHL,80,49,499,248.10,"123,801.90"
2026-03-25,539,2026032505035480,BHL,80,57,500,248.10,"124,050.00"
2026-03-25,540,2026032505035478,BHL,32,37,10,248.50,"2,485.00"
2026-03-25,541,2026032505035428,BHL,54,44,92,248.00,"22,816.00"
2026-03-25,542,2026032505035024,BHL,36,84,91,248.10,"22,577.10"
2026-03-25,543,2026032505035030,BHL,11,84,100,248.00,"24,800.00"
2026-03-25,544,2026032505035029,BHL,32,84,500,248.00,"124,000.00"
2026-03-25,545,2026032505035028,BHL,38,84,200,248.00,"49,600.00"
2026-03-25,546,2026032505035027,BHL,1,84,"10,000",248.00,"2,480,000.00"
2026-03-25,547,2026032505035026,BHL,34,84,500,248.00,"124,000.00"
2026-03-25,548,2026032505035025,BHL,34,84,80,248.00,"19,840.00"
2026-03-25,549,2026032505035036,BHL,49,84,"1,000",248.00,"248,000.00"
2026-03-25,550,2026032505035035,BHL,58,84,340,248.00,"84,320.00"
2026-03-25,551,2026032505035034,BHL,19,84,500,248.00,"124,000.00"
2026-03-25,552,2026032505035033,BHL,36,84,50,248.00,"12,400.00"
2026-03-25,553,2026032505035032,BHL,54,84,500,248.00,"124,000.00"
2026-03-25,554,2026032505035031,BHL,56,84,"1,000",248.00,"248,000.00"
2026-03-25,555,2026032505035042,BHL,3,84,500,248.00,"124,000.00"
2026-03-25,556,2026032505035041,BHL,56,84,20,248.00,"4,960.00"
2026-03-25,557,2026032505035040,BHL,58,84,100,248.00,"24,800.00"
2026-03-25,558,2026032505035039,BHL,58,84,50,248.00,"12,400.00"
2026-03-25,559,2026032505035038,BHL,49,84,100,248.00,"24,800.00"
2026-03-25,560,2026032505035037,BHL,58,84,41,248.00,"10,168.00"
2026-03-25,561,2026032505035048,BHL,39,84,200,248.00,"49,600.00"
2026-03-25,562,2026032505035047,BHL,36,84,100,248.00,"24,800.00"
2026-03-25,563,2026032505035046,BHL,49,84,250,248.00,"62,000.00"
2026-03-25,564,2026032505035045,BHL,59,84,"1,000",248.00,"248,000.00"
2026-03-25,565,2026032505035044,BHL,58,84,23,248.00,"5,704.00"
2026-03-25,566,2026032505035043,BHL,45,84,100,248.00,"24,800.00"
2026-03-25,567,2026032505035112,BHL,43,37,420,248.50,"104,370.00"
2026-03-25,568,2026032505035111,BHL,43,4,50,248.50,"12,425.00"
2026-03-25,569,2026032505035110,BHL,43,45,30,248.10,"7,443.00"
2026-03-25,570,2026032505035051,BHL,62,84,126,248.00,"31,248.00"
2026-03-25,571,2026032505035050,BHL,45,84,200,248.00,"49,600.00"
2026-03-25,572,2026032505035049,BHL,41,84,25,248.00,"6,200.00"
2026-03-25,573,2026032505035152,BHL,34,41,200,248.00,"49,600.00"
2026-03-25,574,2026032505035151,BHL,17,41,50,248.00,"12,400.00"
2026-03-25,575,2026032505035150,BHL,7,41,10,248.00,"2,480.00"
2026-03-25,576,2026032505035149,BHL,7,41,100,248.00,"24,800.00"
2026-03-25,577,2026032505035148,BHL,25,41,"1,000",248.00,"248,000.00"
2026-03-25,578,2026032505035147,BHL,62,41,374,248.00,"92,752.00"
2026-03-25,579,2026032505035225,BHL,4,32,96,248.00,"23,808.00"
2026-03-25,580,2026032505035189,BHL,4,49,185,248.00,"45,880.00"
2026-03-25,581,2026032505035188,BHL,6,49,64,248.00,"15,872.00"
2026-03-25,582,2026032505035155,BHL,6,41,186,248.00,"46,128.00"
2026-03-25,583,2026032505035154,BHL,35,41,600,248.00,"148,800.00"
2026-03-25,584,2026032505035153,BHL,57,41,480,248.00,"119,040.00"
2026-03-25,585,2026032505035263,BHL,5,50,300,248.00,"74,400.00"
2026-03-25,586,2026032505035262,BHL,58,50,22,248.00,"5,456.00"
2026-03-25,587,2026032505035261,BHL,25,50,200,248.00,"49,600.00"
2026-03-25,588,2026032505035260,BHL,32,50,96,248.00,"23,808.00"
2026-03-25,589,2026032505035257,BHL,32,37,10,248.50,"2,485.00"
2026-03-25,590,2026032505035226,BHL,32,32,404,248.00,"100,192.00"
2026-03-25,591,2026032505035269,BHL,42,50,482,248.00,"119,536.00"
2026-03-25,592,2026032505035268,BHL,17,50,100,248.00,"24,800.00"
2026-03-25,593,2026032505035267,BHL,59,50,100,248.00,"24,800.00"
2026-03-25,594,2026032505035266,BHL,55,50,"1,500",248.00,"372,000.00"
2026-03-25,595,2026032505035265,BHL,57,50,100,248.00,"24,800.00"
2026-03-25,596,2026032505035264,BHL,33,50,100,248.00,"24,800.00"
2026-03-25,597,2026032505035359,BHL,51,48,582,248.00,"144,336.00"
2026-03-25,598,2026032505035358,BHL,89,48,100,248.00,"24,800.00"
2026-03-25,599,2026032505035357,BHL,45,48,500,248.00,"124,000.00"
2026-03-25,600,2026032505035356,BHL,34,48,500,248.00,"124,000.00"
2026-03-25,601,2026032505035355,BHL,42,48,318,248.00,"78,864.00"
2026-03-25,602,2026032505035274,BHL,42,48,200,248.00,"49,600.00"
2026-03-25,603,2026032505035393,BHL,45,50,200,248.00,"49,600.00"
2026-03-25,604,2026032505035392,BHL,6,50,200,248.00,"49,600.00"
2026-03-25,605,2026032505035391,BHL,36,50,300,248.00,"74,400.00"
2026-03-25,606,2026032505035390,BHL,34,50,500,248.00,"124,000.00"
2026-03-25,607,2026032505035389,BHL,51,50,418,248.00,"103,664.00"
2026-03-25,608,2026032505035363,BHL,32,37,10,248.50,"2,485.00"
2026-03-25,609,2026032505035427,BHL,41,44,30,248.00,"7,440.00"
2026-03-25,610,2026032505035426,BHL,6,44,100,248.00,"24,800.00"
2026-03-25,611,2026032505035425,BHL,21,44,678,248.00,"168,144.00"
2026-03-25,612,2026032505035424,BHL,52,44,100,248.10,"24,810.00"
2026-03-25,613,2026032505035395,BHL,21,50,322,248.00,"79,856.00"
2026-03-25,614,2026032505035394,BHL,13,50,50,248.00,"12,400.00"
2026-03-25,615,2026032505035421,BHPL,83,48,10,583.00,"5,830.00"
2026-03-25,616,2026032505035420,BHPL,57,48,200,583.00,"116,600.00"
2026-03-25,617,2026032505035419,BHPL,14,48,49,583.00,"28,567.00"
2026-03-25,618,2026032505035186,BHPL,58,58,415,585.00,"242,775.00"
2026-03-25,619,2026032505035165,BHPL,41,32,95,584.00,"55,480.00"
2026-03-25,620,2026032505035076,BHPL,14,99,151,583.00,"88,033.00"
2026-03-25,621,2026032505035056,BHPL,14,32,200,584.10,"116,820.00"
2026-03-25,622,2026032505035055,BHPL,33,32,35,584.20,"20,447.00"
2026-03-25,623,2026032505035054,BHPL,53,32,20,584.50,"11,690.00"
2026-03-25,624,2026032505035075,BHPL,48,99,87,583.00,"50,721.00"
2026-03-25,625,2026032505035074,BHPL,54,99,25,583.00,"14,575.00"
2026-03-25,626,2026032505035073,BHPL,49,99,70,583.00,"40,810.00"
2026-03-25,627,2026032505035072,BHPL,57,99,100,583.10,"58,310.00"
2026-03-25,628,2026032505035071,BHPL,14,99,67,583.50,"39,094.50"
2026-03-25,629,2026032505035057,BHPL,58,32,150,584.00,"87,600.00"
2026-03-25,630,2026032505035285,CHDC,7,74,10,"2,587.00","25,870.00"
2026-03-25,631,2026032505035477,CIT,34,22,20,"1,870.00","37,400.00"
2026-03-25,632,2026032505035337,CIT,34,37,13,"1,871.00","24,323.00"
2026-03-25,633,2026032505035463,CLI,44,37,658,490.30,"322,617.40"
2026-03-25,634,2026032505035437,CLI,44,17,88,490.30,"43,146.40"
2026-03-25,635,2026032505035436,CLI,58,17,12,490.30,"5,883.60"
2026-03-25,636,2026032505035084,DOLTI,58,8,109,510.00,"55,590.00"
2026-03-25,637,2026032505035083,DOLTI,19,8,30,510.00,"15,300.00"
2026-03-25,638,2026032505035082,DOLTI,17,8,200,510.00,"102,000.00"
2026-03-25,639,2026032505035081,DOLTI,94,8,100,511.00,"51,100.00"
2026-03-25,640,2026032505035080,DOLTI,11,8,325,512.00,"166,400.00"
2026-03-25,641,2026032505035079,DOLTI,42,8,300,513.00,"153,900.00"
2026-03-25,642,2026032505035078,DOLTI,42,8,10,513.00,"5,130.00"
2026-03-25,643,2026032505035077,DOLTI,19,8,26,514.00,"13,364.00"
2026-03-25,644,2026032505035168,DORDI,34,50,100,309.00,"30,900.00"
2026-03-25,645,2026032505035109,DORDI,14,34,50,309.40,"15,470.00"
2026-03-25,646,2026032505035290,EHPL,62,42,100,446.00,"44,600.00"
2026-03-25,647,2026032505035212,EHPL,43,42,10,446.00,"4,460.00"
2026-03-25,648,2026032505035104,EHPL,1,42,10,446.00,"4,460.00"
2026-03-25,649,2026032505035284,GCIL,32,57,33,463.00,"15,279.00"
2026-03-25,650,2026032505035283,GCIL,32,42,258,463.00,"119,454.00"
2026-03-25,651,2026032505035322,GCIL,41,74,500,461.30,"230,650.00"
2026-03-25,652,2026032505035321,GCIL,57,74,100,461.50,"46,150.00"
2026-03-25,653,2026032505035320,GCIL,10,74,100,461.50,"46,150.00"
2026-03-25,654,2026032505035319,GCIL,35,74,50,462.00,"23,100.00"
2026-03-25,655,2026032505035318,GCIL,32,74,"1,000",462.00,"462,000.00"
2026-03-25,656,2026032505035317,GCIL,46,74,20,462.00,"9,240.00"
2026-03-25,657,2026032505035328,GCIL,32,74,25,461.00,"11,525.00"
2026-03-25,658,2026032505035327,GCIL,17,74,"1,000",461.00,"461,000.00"
2026-03-25,659,2026032505035326,GCIL,34,74,200,461.10,"92,220.00"
2026-03-25,660,2026032505035325,GCIL,33,74,500,461.10,"230,550.00"
2026-03-25,661,2026032505035324,GCIL,42,74,"1,648",461.20,"760,057.60"
2026-03-25,662,2026032505035323,GCIL,62,74,500,461.30,"230,650.00"
2026-03-25,663,2026032505035334,GCIL,32,74,407,460.20,"187,301.40"
2026-03-25,664,2026032505035333,GCIL,16,74,50,460.30,"23,015.00"
2026-03-25,665,2026032505035332,GCIL,41,74,300,461.00,"138,300.00"
2026-03-25,666,2026032505035331,GCIL,57,74,100,461.00,"46,100.00"
2026-03-25,667,2026032505035330,GCIL,66,74,500,461.00,"230,500.00"
2026-03-25,668,2026032505035329,GCIL,57,74,"1,000",461.00,"461,000.00"
2026-03-25,669,2026032505035418,GVL,41,28,500,514.10,"257,050.00"
2026-03-25,670,2026032505035106,GVL,57,42,500,514.00,"257,000.00"
2026-03-25,671,2026032505035089,GVL,41,42,100,515.00,"51,500.00"
2026-03-25,672,2026032505035069,GVL,58,42,262,515.00,"134,930.00"
2026-03-25,673,2026032505035156,HATHY,38,17,100,940.60,"94,060.00"
2026-03-25,674,2026032505035453,HDL,3,34,100,"1,235.00","123,500.00"
2026-03-25,675,2026032505035447,HDL,38,34,100,"1,235.00","123,500.00"
2026-03-25,676,2026032505035446,HDL,22,34,199,"1,235.00","245,765.00"
2026-03-25,677,2026032505035211,HDL,45,43,100,"1,235.00","123,500.00"
2026-03-25,678,2026032505035059,HDL,46,58,100,"1,235.00","123,500.00"
2026-03-25,679,2026032505035282,HDL,22,49,52,"1,235.00","64,220.00"
2026-03-25,680,2026032505035281,HDL,21,49,20,"1,235.00","24,700.00"
2026-03-25,681,2026032505035258,HDL,58,28,50,"1,236.00","61,800.00"
2026-03-25,682,2026032505035457,HHL,16,38,300,375.80,"112,740.00"
2026-03-25,683,2026032505035452,HHL,58,57,65,376.00,"24,440.00"
2026-03-25,684,2026032505035423,HHL,16,74,500,375.80,"187,900.00"
2026-03-25,685,2026032505035367,HHL,34,57,200,376.00,"75,200.00"
2026-03-25,686,2026032505035022,HHL,53,57,100,376.00,"37,600.00"
2026-03-25,687,2026032505035143,HHL,57,57,10,376.00,"3,760.00"
2026-03-25,688,2026032505035519,HIDCL,59,57,348,301.00,"104,748.00"
2026-03-25,689,2026032505035518,HIDCL,67,57,652,301.00,"196,252.00"
2026-03-25,690,2026032505035517,HIDCL,67,49,141,301.00,"42,441.00"
2026-03-25,691,2026032505035498,HIDCL,67,45,207,301.00,"62,307.00"
2026-03-25,692,2026032505035497,HIDCL,32,45,800,301.00,"240,800.00"
2026-03-25,693,2026032505035496,HIDCL,50,45,100,301.00,"30,100.00"
2026-03-25,694,2026032505035090,HIDCL,36,38,166,301.00,"49,966.00"
2026-03-25,695,2026032505035100,HIDCL,58,21,62,301.00,"18,662.00"
2026-03-25,696,2026032505035099,HIDCL,58,43,86,301.00,"25,886.00"
2026-03-25,697,2026032505035098,HIDCL,58,41,45,301.00,"13,545.00"
2026-03-25,698,2026032505035097,HIDCL,58,38,25,301.00,"7,525.00"
2026-03-25,699,2026032505035096,HIDCL,58,26,66,301.00,"19,866.00"
2026-03-25,700,2026032505035091,HIDCL,36,26,34,301.00,"10,234.00"
2026-03-25,701,2026032505035217,HIDCL,53,45,200,301.00,"60,200.00"
2026-03-25,702,2026032505035216,HIDCL,60,45,11,301.00,"3,311.00"
2026-03-25,703,2026032505035215,HIDCL,58,45,39,301.00,"11,739.00"
2026-03-25,704,2026032505035105,HIDCL,58,48,15,301.00,"4,515.00"
2026-03-25,705,2026032505035102,HIDCL,58,57,262,301.00,"78,862.00"
2026-03-25,706,2026032505035101,HIDCL,58,17,100,301.00,"30,100.00"
2026-03-25,707,2026032505035409,HIDCL,62,56,407,301.00,"122,507.00"
2026-03-25,708,2026032505035408,HIDCL,70,56,100,301.30,"30,130.00"
2026-03-25,709,2026032505035353,HIDCL,29,32,383,301.50,"115,474.50"
2026-03-25,710,2026032505035352,HIDCL,29,45,117,301.30,"35,252.10"
2026-03-25,711,2026032505035219,HIDCL,62,45,148,300.80,"44,518.40"
2026-03-25,712,2026032505035218,HIDCL,33,45,200,301.00,"60,200.00"
2026-03-25,713,2026032505035495,HIDCL,50,45,"1,000",301.00,"301,000.00"
2026-03-25,714,2026032505035494,HIDCL,49,45,25,301.00,"7,525.00"
2026-03-25,715,2026032505035493,HIDCL,62,45,"3,923",301.00,"1,180,823.00"
2026-03-25,716,2026032505035492,HIDCL,58,45,"1,000",301.10,"301,100.00"
2026-03-25,717,2026032505035439,HIDCL,62,51,670,301.00,"201,670.00"
2026-03-25,718,2026032505035438,HIDCL,58,51,330,301.30,"99,429.00"
2026-03-25,719,2026032505035520,HRL,34,74,100,881.00,"88,100.00"
2026-03-25,720,2026032505035499,HRL,35,77,100,880.00,"88,000.00"
2026-03-25,721,2026032505035475,HRL,35,18,350,880.00,"308,000.00"
2026-03-25,722,2026032505035242,HRL,35,58,100,880.00,"88,000.00"
2026-03-25,723,2026032505035214,HRL,35,22,10,880.00,"8,800.00"
2026-03-25,724,2026032505035213,HRL,35,55,413,880.00,"363,440.00"
2026-03-25,725,2026032505035193,HRL,25,6,50,879.50,"43,975.00"
2026-03-25,726,2026032505035192,HRL,25,48,50,879.10,"43,955.00"
2026-03-25,727,2026032505035108,HRL,13,38,100,879.10,"87,910.00"
2026-03-25,728,2026032505035476,ILI,58,58,94,468.10,"44,001.40"
2026-03-25,729,2026032505035271,ILI,58,38,100,469.00,"46,900.00"
2026-03-25,730,2026032505035270,ILI,58,34,100,469.00,"46,900.00"
2026-03-25,731,2026032505035238,MAKAR,38,14,67,538.00,"36,046.00"
2026-03-25,732,2026032505035237,MAKAR,13,14,20,539.20,"10,784.00"
2026-03-25,733,2026032505035236,MAKAR,50,14,10,540.00,"5,400.00"
2026-03-25,734,2026032505035235,MAKAR,83,14,10,540.00,"5,400.00"
2026-03-25,735,2026032505035234,MAKAR,6,14,50,540.60,"27,030.00"
2026-03-25,736,2026032505035087,MANDU,39,35,90,850.00,"76,500.00"
2026-03-25,737,2026032505035510,MBJC,18,6,50,317.00,"15,850.00"
2026-03-25,738,2026032505035507,MBJC,13,6,100,317.00,"31,700.00"
2026-03-25,739,2026032505035277,MBJC,41,6,10,317.00,"3,170.00"
2026-03-25,740,2026032505035240,MEHL,45,45,140,470.00,"65,800.00"
2026-03-25,741,2026032505035121,MEHL,45,5,50,470.00,"23,500.00"
2026-03-25,742,2026032505035120,MEHL,17,5,100,470.00,"47,000.00"
2026-03-25,743,2026032505035180,MEL,34,47,380,298.50,"113,430.00"
2026-03-25,744,2026032505035162,MEL,34,38,10,298.50,"2,985.00"
2026-03-25,745,2026032505035239,MHCL,57,50,10,383.00,"3,830.00"
2026-03-25,746,2026032505035209,MHCL,13,33,200,382.10,"76,420.00"
2026-03-25,747,2026032505035116,MHCL,57,42,400,383.00,"153,200.00"
2026-03-25,748,2026032505035301,MHL,47,14,120,550.20,"66,024.00"
2026-03-25,749,2026032505035300,MHL,74,14,130,550.40,"71,552.00"
2026-03-25,750,2026032505035289,MHL,74,45,170,550.40,"93,568.00"
2026-03-25,751,2026032505035288,MHL,33,45,60,550.50,"33,030.00"
2026-03-25,752,2026032505035063,MHL,94,59,871,552.00,"480,792.00"
2026-03-25,753,2026032505035062,MHL,94,14,54,552.00,"29,808.00"
2026-03-25,754,2026032505035061,MHL,94,45,95,552.00,"52,440.00"
2026-03-25,755,2026032505035060,MHL,94,36,80,551.90,"44,152.00"
2026-03-25,756,2026032505035304,MKHC,71,38,49,349.10,"17,105.90"
2026-03-25,757,2026032505035273,MKHL,50,42,10,783.00,"7,830.00"
2026-03-25,758,2026032505035145,MKHL,84,58,10,796.60,"7,966.00"
2026-03-25,759,2026032505035305,MMF1,48,52,800,9.80,"7,840.00"
2026-03-25,760,2026032505035513,NIFRA,49,45,100,289.00,"28,900.00"
2026-03-25,761,2026032505035458,NIFRA,43,45,201,289.00,"58,089.00"
2026-03-25,762,2026032505035422,NIFRA,48,45,500,289.00,"144,500.00"
2026-03-25,763,2026032505035412,NIFRA,59,45,"2,000",289.00,"578,000.00"
2026-03-25,764,2026032505035404,NIFRA,89,45,150,289.00,"43,350.00"
2026-03-25,765,2026032505035403,NIFRA,70,45,150,289.00,"43,350.00"
2026-03-25,766,2026032505035396,NIFRA,59,45,72,289.90,"20,872.80"
2026-03-25,767,2026032505035299,NIFRA,59,39,328,289.90,"95,087.20"
2026-03-25,768,2026032505035160,NIFRA,50,42,50,289.00,"14,450.00"
2026-03-25,769,2026032505035159,NIFRA,56,42,250,289.10,"72,275.00"
2026-03-25,770,2026032505035107,NIFRA,58,39,105,289.90,"30,439.50"
2026-03-25,771,2026032505035402,NIFRA,34,45,10,289.00,"2,890.00"
2026-03-25,772,2026032505035401,NIFRA,19,45,"1,000",289.00,"289,000.00"
2026-03-25,773,2026032505035400,NIFRA,35,45,500,289.00,"144,500.00"
2026-03-25,774,2026032505035399,NIFRA,48,45,100,289.00,"28,900.00"
2026-03-25,775,2026032505035398,NIFRA,50,45,74,289.00,"21,386.00"
2026-03-25,776,2026032505035397,NIFRA,49,45,310,289.50,"89,745.00"
2026-03-25,777,2026032505035508,NRIC,45,48,71,"1,267.80","90,013.80"
2026-03-25,778,2026032505035360,NRIC,5,48,50,"1,267.50","63,375.00"
2026-03-25,779,2026032505035185,NRIC,43,57,64,"1,269.00","81,216.00"
2026-03-25,780,2026032505035184,NRIC,43,34,41,"1,269.00","52,029.00"
2026-03-25,781,2026032505035070,NRIC,58,48,57,"1,267.60","72,253.20"
2026-03-25,782,2026032505035481,NRM,53,51,106,450.60,"47,763.60"
2026-03-25,783,2026032505035279,NRM,53,22,14,450.60,"6,308.40"
2026-03-25,784,2026032505035278,NRM,36,22,36,450.90,"16,232.40"
2026-03-25,785,2026032505035256,NRM,34,54,80,451.00,"36,080.00"
2026-03-25,786,2026032505035255,NRM,34,48,20,451.00,"9,020.00"
2026-03-25,787,2026032505035161,NRM,53,65,130,450.60,"58,578.00"
2026-03-25,788,2026032505035146,NRM,53,41,50,450.60,"22,530.00"
2026-03-25,789,2026032505035509,NRN,48,42,50,"1,609.00","80,450.00"
2026-03-25,790,2026032505035340,NRN,58,98,97,"1,609.00","156,073.00"
2026-03-25,791,2026032505035339,NRN,38,98,43,"1,609.00","69,187.00"
2026-03-25,792,2026032505035220,NRN,21,57,30,"1,609.00","48,270.00"
2026-03-25,793,2026032505035137,NRN,21,81,20,"1,609.00","32,180.00"
2026-03-25,794,2026032505035221,NRN,38,57,20,"1,609.00","32,180.00"
2026-03-25,795,2026032505035388,NTC,16,42,30,900.00,"27,000.00"
2026-03-25,796,2026032505035462,NYADI,38,62,70,443.80,"31,066.00"
2026-03-25,797,2026032505035461,NYADI,38,41,24,443.00,"10,632.00"
2026-03-25,798,2026032505035460,NYADI,38,13,50,443.00,"22,150.00"
2026-03-25,799,2026032505035459,NYADI,38,26,70,443.00,"31,010.00"
2026-03-25,800,2026032505035416,PHCL,16,13,248,342.50,"84,940.00"
2026-03-25,801,2026032505035415,PHCL,38,13,10,342.60,"3,426.00"
2026-03-25,802,2026032505035414,PHCL,37,13,42,343.00,"14,406.00"
2026-03-25,803,2026032505035364,PHCL,32,45,200,343.90,"68,780.00"
2026-03-25,804,2026032505035292,PHCL,37,56,158,343.00,"54,194.00"
2026-03-25,805,2026032505035291,PHCL,56,56,142,343.00,"48,706.00"
2026-03-25,806,2026032505035114,PHCL,3,57,200,342.60,"68,520.00"
2026-03-25,807,2026032505035094,PHCL,7,42,500,343.00,"171,500.00"
2026-03-25,808,2026032505035088,PHCL,58,42,50,343.00,"17,150.00"
2026-03-25,809,2026032505035199,PHCL,56,21,424,342.70,"145,304.80"
2026-03-25,810,2026032505035158,PHCL,14,21,566,343.00,"194,138.00"
2026-03-25,811,2026032505035157,PHCL,38,21,10,343.00,"3,430.00"
2026-03-25,812,2026032505035139,PHCL,38,54,10,343.00,"3,430.00"
2026-03-25,813,2026032505035138,PHCL,16,42,250,342.50,"85,625.00"
2026-03-25,814,2026032505035115,PHCL,16,57,50,342.50,"17,125.00"
2026-03-25,815,2026032505035479,PPL,57,57,100,392.20,"39,220.00"
2026-03-25,816,2026032505035362,PPL,33,39,300,393.00,"117,900.00"
2026-03-25,817,2026032505035197,PPL,36,39,122,393.60,"48,019.20"
2026-03-25,818,2026032505035113,PPL,58,39,30,393.60,"11,808.00"
2026-03-25,819,2026032505035505,RFPL,94,56,115,424.00,"48,760.00"
2026-03-25,820,2026032505035233,RFPL,62,49,200,423.00,"84,600.00"
2026-03-25,821,2026032505035227,RFPL,62,28,50,423.00,"21,150.00"
2026-03-25,822,2026032505035163,RFPL,34,35,85,422.30,"35,895.50"
2026-03-25,823,2026032505035053,RFPL,34,41,80,422.20,"33,776.00"
2026-03-25,824,2026032505035052,RFPL,45,41,20,423.00,"8,460.00"
2026-03-25,825,2026032505035485,RHGCL,56,91,120,323.00,"38,760.00"
2026-03-25,826,2026032505035484,RHGCL,53,91,500,323.00,"161,500.00"
2026-03-25,827,2026032505035483,RHGCL,45,91,240,323.80,"77,712.00"
2026-03-25,828,2026032505035435,RHGCL,45,41,30,323.80,"9,714.00"
2026-03-25,829,2026032505035407,RHGCL,45,18,30,323.80,"9,714.00"
2026-03-25,830,2026032505035406,RHGCL,45,14,200,323.80,"64,760.00"
2026-03-25,831,2026032505035405,RHGCL,45,45,500,323.00,"161,500.00"
2026-03-25,832,2026032505035449,RNLI,7,45,20,491.50,"9,830.00"
2026-03-25,833,2026032505035272,RNLI,7,4,12,491.50,"5,898.00"
2026-03-25,834,2026032505035191,RNLI,7,34,13,491.50,"6,389.50"
2026-03-25,835,2026032505035144,RNLI,34,57,10,495.00,"4,950.00"
2026-03-25,836,2026032505035512,SAHAS,16,39,50,635.30,"31,765.00"
2026-03-25,837,2026032505035511,SAHAS,34,39,50,635.40,"31,770.00"
2026-03-25,838,2026032505035490,SAHAS,16,77,178,636.00,"113,208.00"
2026-03-25,839,2026032505035489,SAHAS,16,33,500,636.00,"318,000.00"
2026-03-25,840,2026032505035488,SAHAS,16,28,34,636.00,"21,624.00"
2026-03-25,841,2026032505035487,SAHAS,16,22,500,636.00,"318,000.00"
2026-03-25,842,2026032505035200,SAHAS,70,56,"3,415",636.00,"2,171,940.00"
2026-03-25,843,2026032505035183,SAHAS,70,47,190,636.00,"120,840.00"
2026-03-25,844,2026032505035182,SAHAS,70,59,500,636.00,"318,000.00"
2026-03-25,845,2026032505035181,SAHAS,70,72,"3,895",636.00,"2,477,220.00"
2026-03-25,846,2026032505035169,SAHAS,56,72,110,636.00,"69,960.00"
2026-03-25,847,2026032505035095,SAHAS,11,72,40,636.00,"25,440.00"
2026-03-25,848,2026032505035486,SAHAS,16,4,288,635.60,"183,052.80"
2026-03-25,849,2026032505035205,SAHAS,16,56,818,635.30,"519,675.40"
2026-03-25,850,2026032505035204,SAHAS,35,56,65,635.30,"41,294.50"
2026-03-25,851,2026032505035203,SAHAS,14,56,150,635.50,"95,325.00"
2026-03-25,852,2026032505035202,SAHAS,35,56,53,635.60,"33,686.80"
2026-03-25,853,2026032505035201,SAHAS,16,56,"1,500",636.00,"954,000.00"
2026-03-25,854,2026032505035298,SANVI,77,58,124,830.00,"102,920.00"
2026-03-25,855,2026032505035297,SANVI,77,38,10,830.00,"8,300.00"
2026-03-25,856,2026032505035296,SANVI,77,48,45,829.90,"37,345.50"
2026-03-25,857,2026032505035295,SANVI,77,49,10,829.90,"8,299.00"
2026-03-25,858,2026032505035294,SANVI,77,49,101,829.80,"83,809.80"
2026-03-25,859,2026032505035293,SANVI,77,42,10,827.00,"8,270.00"
2026-03-25,860,2026032505035254,SBCF,55,21,300,10.15,"3,045.00"
2026-03-25,861,2026032505035253,SBCF,55,58,100,10.15,"1,015.00"
2026-03-25,862,2026032505035252,SBCF,55,89,500,10.15,"5,075.00"
2026-03-25,863,2026032505035251,SBCF,55,100,"10,000",10.10,"101,000.00"
2026-03-25,864,2026032505035244,SBCF,55,35,100,10.00,"1,000.00"
2026-03-25,865,2026032505035243,SBCF,55,57,200,10.00,"2,000.00"
2026-03-25,866,2026032505035250,SBCF,55,11,500,10.10,"5,050.00"
2026-03-25,867,2026032505035249,SBCF,55,49,200,10.07,"2,014.00"
2026-03-25,868,2026032505035248,SBCF,55,6,200,10.04,"2,008.00"
2026-03-25,869,2026032505035247,SBCF,55,45,900,10.00,"9,000.00"
2026-03-25,870,2026032505035246,SBCF,55,22,500,10.00,"5,000.00"
2026-03-25,871,2026032505035245,SBCF,55,47,"1,500",10.00,"15,000.00"
2026-03-25,872,2026032505035386,SGHC,48,51,146,445.00,"64,970.00"
2026-03-25,873,2026032505035385,SGHC,51,51,200,445.00,"89,000.00"
2026-03-25,874,2026032505035384,SGHC,26,51,200,445.00,"89,000.00"
2026-03-25,875,2026032505035383,SGHC,58,51,65,445.00,"28,925.00"
2026-03-25,876,2026032505035382,SGHC,92,51,"1,000",445.00,"445,000.00"
2026-03-25,877,2026032505035381,SGHC,17,51,400,445.00,"178,000.00"
2026-03-25,878,2026032505035368,SGHC,57,51,61,448.00,"27,328.00"
2026-03-25,879,2026032505035286,SGHC,57,58,100,448.00,"44,800.00"
2026-03-25,880,2026032505035190,SGHC,57,83,79,448.00,"35,392.00"
2026-03-25,881,2026032505035103,SGHC,50,38,25,449.00,"11,225.00"
2026-03-25,882,2026032505035374,SGHC,39,51,300,446.30,"133,890.00"
2026-03-25,883,2026032505035373,SGHC,41,51,100,446.40,"44,640.00"
2026-03-25,884,2026032505035372,SGHC,38,51,250,446.40,"111,600.00"
2026-03-25,885,2026032505035371,SGHC,34,51,200,446.70,"89,340.00"
2026-03-25,886,2026032505035370,SGHC,4,51,200,448.00,"89,600.00"
2026-03-25,887,2026032505035369,SGHC,26,51,80,448.00,"35,840.00"
2026-03-25,888,2026032505035380,SGHC,49,51,200,445.00,"89,000.00"
2026-03-25,889,2026032505035379,SGHC,49,51,200,445.10,"89,020.00"
2026-03-25,890,2026032505035378,SGHC,58,51,100,445.10,"44,510.00"
2026-03-25,891,2026032505035377,SGHC,42,51,95,446.00,"42,370.00"
2026-03-25,892,2026032505035376,SGHC,48,51,280,446.00,"124,880.00"
2026-03-25,893,2026032505035375,SGHC,42,51,445,446.20,"198,559.00"
2026-03-25,894,2026032505035491,SHIVM,51,71,"1,000",698.00,"698,000.00"
2026-03-25,895,2026032505035456,SHIVM,51,36,"1,425",698.00,"994,650.00"
2026-03-25,896,2026032505035455,SHIVM,35,36,50,698.10,"34,905.00"
2026-03-25,897,2026032505035454,SHIVM,52,36,25,698.10,"17,452.50"
2026-03-25,898,2026032505035451,SHIVM,95,81,400,698.60,"279,440.00"
2026-03-25,899,2026032505035450,SHIVM,95,32,100,698.50,"69,850.00"
2026-03-25,900,2026032505035140,SHIVM,82,45,30,698.10,"20,943.00"
2026-03-25,901,2026032505035068,SHIVM,51,59,"1,000",698.00,"698,000.00"
2026-03-25,902,2026032505035058,SHIVM,1,55,10,698.50,"6,985.00"
2026-03-25,903,2026032505035230,SHIVM,42,81,150,698.60,"104,790.00"
2026-03-25,904,2026032505035224,SHIVM,51,45,98,698.00,"68,404.00"
2026-03-25,905,2026032505035223,SHIVM,3,45,102,698.50,"71,247.00"
2026-03-25,906,2026032505035198,SHIVM,3,55,41,698.50,"28,638.50"
2026-03-25,907,2026032505035196,SHIVM,51,16,230,698.00,"160,540.00"
2026-03-25,908,2026032505035195,SHIVM,82,16,470,698.10,"328,107.00"
2026-03-25,909,2026032505035411,SHIVM,52,95,75,698.10,"52,357.50"
2026-03-25,910,2026032505035410,SHIVM,62,95,175,698.20,"122,185.00"
2026-03-25,911,2026032505035387,SHIVM,62,7,25,698.20,"17,455.00"
2026-03-25,912,2026032505035280,SHIVM,49,81,50,698.60,"34,930.00"
2026-03-25,913,2026032505035259,SHIVM,51,45,400,698.00,"279,200.00"
2026-03-25,914,2026032505035232,SHIVM,51,43,500,698.00,"349,000.00"
2026-03-25,915,2026032505035351,SIKLES,3,58,30,631.00,"18,930.00"
2026-03-25,916,2026032505035229,SIKLES,3,19,12,631.00,"7,572.00"
2026-03-25,917,2026032505035228,SIKLES,49,19,10,631.00,"6,310.00"
2026-03-25,918,2026032505035448,SMATA,62,38,10,866.50,"8,665.00"
2026-03-25,919,2026032505035354,SMH,40,74,10,640.30,"6,403.00"
2026-03-25,920,2026032505035316,SMH,58,74,35,640.30,"22,410.50"
2026-03-25,921,2026032505035315,SMH,58,74,10,640.30,"6,403.00"
2026-03-25,922,2026032505035482,SMHL,7,11,540,556.60,"300,564.00"
2026-03-25,923,2026032505035443,SMHL,21,7,48,556.50,"26,712.00"
2026-03-25,924,2026032505035442,SMHL,74,7,152,556.50,"84,588.00"
2026-03-25,925,2026032505035276,SMHL,48,34,100,557.00,"55,700.00"
2026-03-25,926,2026032505035275,SMHL,58,34,100,557.00,"55,700.00"
2026-03-25,927,2026032505035210,SMHL,33,34,200,557.00,"111,400.00"
2026-03-25,928,2026032505035208,SMHL,38,34,200,557.00,"111,400.00"
2026-03-25,929,2026032505035207,SMHL,38,38,100,556.90,"55,690.00"
2026-03-25,930,2026032505035167,SMHL,74,7,161,556.50,"89,596.50"
2026-03-25,931,2026032505035166,SMHL,58,7,89,556.90,"49,564.10"
2026-03-25,932,2026032505035164,SMHL,57,34,220,557.00,"122,540.00"
2026-03-25,933,2026032505035118,SMHL,58,34,100,557.00,"55,700.00"
2026-03-25,934,2026032505035504,SMJC,45,59,234,506.00,"118,404.00"
2026-03-25,935,2026032505035503,SMJC,45,56,10,506.00,"5,060.00"
2026-03-25,936,2026032505035502,SMJC,45,6,50,506.00,"25,300.00"
2026-03-25,937,2026032505035501,SMJC,45,67,60,506.00,"30,360.00"
2026-03-25,938,2026032505035500,SMJC,45,50,46,505.90,"23,271.40"
2026-03-25,939,2026032505035142,SMJC,57,50,54,505.90,"27,318.60"
2026-03-25,940,2026032505035141,SMJC,57,57,46,505.00,"23,230.00"
2026-03-25,941,2026032505035117,SMJC,95,57,54,505.50,"27,297.00"
2026-03-25,942,2026032505035093,SMJC,44,50,300,505.90,"151,770.00"
2026-03-25,943,2026032505035092,SMJC,44,29,200,505.80,"101,160.00"
2026-03-25,944,2026032505035417,SONA,13,62,100,482.00,"48,200.00"
2026-03-25,945,2026032505035413,SONA,44,62,328,482.00,"158,096.00"
2026-03-25,946,2026032505035338,SONA,11,62,100,482.00,"48,200.00"
2026-03-25,947,2026032505035241,SONA,49,62,64,482.00,"30,848.00"
2026-03-25,948,2026032505035206,SONA,49,42,200,482.00,"96,400.00"
2026-03-25,949,2026032505035194,SONA,49,32,600,482.00,"289,200.00"
2026-03-25,950,2026032505035366,SPHL,43,41,70,567.00,"39,690.00"
2026-03-25,951,2026032505035365,SPHL,81,41,30,567.10,"17,013.00"
2026-03-25,952,2026032505035023,STC,17,39,50,"6,035.10","301,755.00"
2026-03-25,953,2026032505035506,TAMOR,8,81,30,464.00,"13,920.00"
2026-03-25,954,2026032505035361,TAMOR,11,35,50,463.00,"23,150.00"
2026-03-25,955,2026032505035314,TAMOR,43,58,118,465.00,"54,870.00"
2026-03-25,956,2026032505035313,TAMOR,43,33,200,465.00,"93,000.00"
2026-03-25,957,2026032505035312,TAMOR,43,55,10,465.00,"4,650.00"
2026-03-25,958,2026032505035311,TAMOR,43,56,20,465.00,"9,300.00"
2026-03-25,959,2026032505035124,TAMOR,44,58,200,465.00,"93,000.00"
2026-03-25,960,2026032505035123,TAMOR,44,58,180,465.00,"83,700.00"
2026-03-25,961,2026032505035122,TAMOR,44,56,52,465.00,"24,180.00"
2026-03-25,962,2026032505035119,TAMOR,42,67,50,464.00,"23,200.00"
2026-03-25,963,2026032505035130,TAMOR,44,36,200,465.00,"93,000.00"
2026-03-25,964,2026032505035129,TAMOR,44,57,10,465.00,"4,650.00"
2026-03-25,965,2026032505035128,TAMOR,44,32,10,465.00,"4,650.00"
2026-03-25,966,2026032505035127,TAMOR,44,49,630,465.00,"292,950.00"
2026-03-25,967,2026032505035126,TAMOR,44,57,200,465.00,"93,000.00"
2026-03-25,968,2026032505035125,TAMOR,44,7,"5,000",465.00,"2,325,000.00"
2026-03-25,969,2026032505035136,TAMOR,44,25,458,465.00,"212,970.00"
2026-03-25,970,2026032505035135,TAMOR,44,38,10,465.00,"4,650.00"
2026-03-25,971,2026032505035134,TAMOR,44,57,"1,250",465.00,"581,250.00"
2026-03-25,972,2026032505035133,TAMOR,44,14,"1,000",465.00,"465,000.00"
2026-03-25,973,2026032505035132,TAMOR,44,19,50,465.00,"23,250.00"
2026-03-25,974,2026032505035131,TAMOR,44,49,750,465.00,"348,750.00"
2026-03-25,975,2026032505035310,TAMOR,43,49,500,465.00,"232,500.00"
2026-03-25,976,2026032505035309,TAMOR,43,34,10,465.00,"4,650.00"
2026-03-25,977,2026032505035308,TAMOR,43,25,542,465.00,"252,030.00"
2026-03-25,978,2026032505035307,TAMOR,43,42,200,464.90,"92,980.00"
2026-03-25,979,2026032505035306,TAMOR,43,92,400,464.00,"185,600.00"
2026-03-25,980,2026032505035222,TAMOR,57,92,600,464.00,"278,400.00"
2026-03-25,981,2026032505035474,TPC,57,74,55,410.00,"22,550.00"
2026-03-25,982,2026032505035473,TPC,14,74,"1,000",410.00,"410,000.00"
2026-03-25,983,2026032505035472,TPC,43,74,100,410.00,"41,000.00"
2026-03-25,984,2026032505035471,TPC,47,74,500,410.00,"205,000.00"
2026-03-25,985,2026032505035470,TPC,58,74,500,410.10,"205,050.00"
2026-03-25,986,2026032505035469,TPC,44,74,500,410.10,"205,050.00"
2026-03-25,987,2026032505035468,TPC,38,74,200,410.20,"82,040.00"
2026-03-25,988,2026032505035467,TPC,49,74,500,410.20,"205,100.00"
2026-03-25,989,2026032505035466,TPC,26,74,40,410.60,"16,424.00"
2026-03-25,990,2026032505035465,TPC,58,74,150,410.60,"61,590.00"
2026-03-25,991,2026032505035464,TPC,52,74,25,410.70,"10,267.50"
2026-03-25,992,2026032505035085,TPC,58,49,50,410.60,"20,530.00"
2026-03-25,993,2026032505035287,UHEWA,40,45,370,623.00,"230,510.00"
2026-03-25,994,2026032505035350,USHEC,36,58,190,513.00,"97,470.00"
2026-03-25,995,2026032505035303,USHEC,57,62,62,512.60,"31,781.20"
2026-03-25,996,2026032505035302,USHEC,29,62,20,512.60,"10,252.00"
2026-03-25,997,2026032505035231,USHEC,70,58,50,513.00,"25,650.00"
2026-03-25,998,2026032505035187,USHEC,22,58,20,513.00,"10,260.00"
2026-03-25,999,2026032505035441,VLUCL,4,17,10,582.00,"5,820.00"
2026-03-25,1000,2026032505035440,VLUCL,39,17,190,582.10,"110,599.00"
2026-03-25,1001,2026032505034597,AHL,34,42,60,521.00,"31,260.00"
2026-03-25,1002,2026032505034527,AHL,44,42,15,521.00,"7,815.00"
2026-03-25,1003,2026032505034615,BEDC,47,28,60,535.00,"32,100.00"
2026-03-25,1004,2026032505034614,BEDC,47,37,10,535.00,"5,350.00"
2026-03-25,1005,2026032505034613,BEDC,47,42,10,535.00,"5,350.00"
2026-03-25,1006,2026032505034612,BEDC,47,26,"1,000",533.60,"533,600.00"
2026-03-25,1007,2026032505034611,BEDC,47,25,150,533.50,"80,025.00"
2026-03-25,1008,2026032505034610,BEDC,47,19,20,533.50,"10,670.00"
2026-03-25,1009,2026032505034609,BEDC,47,28,30,533.00,"15,990.00"
2026-03-25,1010,2026032505034572,BEDC,45,28,70,533.00,"37,310.00"
2026-03-25,1011,2026032505034898,BGWT,47,13,14,780.00,"10,920.00"
2026-03-25,1012,2026032505034897,BGWT,47,42,10,780.00,"7,800.00"
2026-03-25,1013,2026032505034896,BGWT,47,57,11,780.00,"8,580.00"
2026-03-25,1014,2026032505034895,BGWT,47,35,200,779.50,"155,900.00"
2026-03-25,1015,2026032505034894,BGWT,47,58,11,778.00,"8,558.00"
2026-03-25,1016,2026032505034893,BGWT,47,38,129,775.00,"99,975.00"
2026-03-25,1017,2026032505034626,BGWT,47,42,10,774.00,"7,740.00"
2026-03-25,1018,2026032505034892,BGWT,47,29,125,774.90,"96,862.50"
2026-03-25,1019,2026032505034625,BHDC,22,45,31,496.00,"15,376.00"
2026-03-25,1020,2026032505034624,BHDC,38,45,20,497.00,"9,940.00"
2026-03-25,1021,2026032505034988,BHL,36,50,24,248.10,"5,954.40"
2026-03-25,1022,2026032505034926,BHL,59,50,76,248.10,"18,855.60"
2026-03-25,1023,2026032505034871,BHL,11,49,100,248.60,"24,860.00"
2026-03-25,1024,2026032505034843,BHL,21,49,200,248.60,"49,720.00"
2026-03-25,1025,2026032505034834,BHL,59,7,424,248.10,"105,194.40"
2026-03-25,1026,2026032505034833,BHL,34,7,"1,000",248.10,"248,100.00"
2026-03-25,1027,2026032505034631,BHL,45,39,50,248.70,"12,435.00"
2026-03-25,1028,2026032505034608,BHL,87,91,750,248.60,"186,450.00"
2026-03-25,1029,2026032505034555,BHL,3,84,100,249.00,"24,900.00"
2026-03-25,1030,2026032505034529,BHL,87,7,159,248.60,"39,527.40"
2026-03-25,1031,2026032505034525,BHL,37,84,200,249.00,"49,800.00"
2026-03-25,1032,2026032505034651,BHL,58,34,500,248.50,"124,250.00"
2026-03-25,1033,2026032505034644,BHL,58,7,89,248.50,"22,116.50"
2026-03-25,1034,2026032505034643,BHL,32,7,150,248.50,"37,275.00"
2026-03-25,1035,2026032505034642,BHL,67,7,761,248.50,"189,108.50"
2026-03-25,1036,2026032505034633,BHL,67,39,339,248.50,"84,241.50"
2026-03-25,1037,2026032505034632,BHL,87,39,111,248.60,"27,594.60"
2026-03-25,1038,2026032505034741,BHL,39,35,249,248.50,"61,876.50"
2026-03-25,1039,2026032505034740,BHL,32,35,41,248.50,"10,188.50"
2026-03-25,1040,2026032505034731,BHL,32,46,300,248.50,"74,550.00"
2026-03-25,1041,2026032505034696,BHL,32,19,259,248.50,"64,361.50"
2026-03-25,1042,2026032505034695,BHL,42,19,100,248.50,"24,850.00"
2026-03-25,1043,2026032505034694,BHL,58,19,91,248.50,"22,613.50"
2026-03-25,1044,2026032505034826,BHL,42,7,90,248.50,"22,365.00"
2026-03-25,1045,2026032505034825,BHL,42,7,241,248.50,"59,888.50"
2026-03-25,1046,2026032505034814,BHL,42,49,259,248.50,"64,361.50"
2026-03-25,1047,2026032505034813,BHL,39,49,741,248.50,"184,138.50"
2026-03-25,1048,2026032505034793,BHL,26,49,75,248.60,"18,645.00"
2026-03-25,1049,2026032505034792,BHL,39,35,10,248.50,"2,485.00"
2026-03-25,1050,2026032505034832,BHL,26,7,"1,000",248.10,"248,100.00"
2026-03-25,1051,2026032505034831,BHL,34,7,100,248.20,"24,820.00"
2026-03-25,1052,2026032505034830,BHL,57,7,"1,000",248.20,"248,200.00"
2026-03-25,1053,2026032505034829,BHL,44,7,"2,000",248.30,"496,600.00"
2026-03-25,1054,2026032505034828,BHL,49,7,75,248.40,"18,630.00"
2026-03-25,1055,2026032505034827,BHL,42,7,70,248.50,"17,395.00"
2026-03-25,1056,2026032505034946,BHPL,41,43,30,585.00,"17,550.00"
2026-03-25,1057,2026032505034820,BHPL,42,43,340,585.00,"198,900.00"
2026-03-25,1058,2026032505034819,BHPL,95,43,200,585.00,"117,000.00"
2026-03-25,1059,2026032505034818,BHPL,32,43,100,585.10,"58,510.00"
2026-03-25,1060,2026032505034732,BHPL,83,59,20,585.20,"11,704.00"
2026-03-25,1061,2026032505034682,BHPL,14,59,85,585.30,"49,750.50"
2026-03-25,1062,2026032505034628,BHPL,32,57,200,585.10,"117,020.00"
2026-03-25,1063,2026032505034627,BHPL,38,57,300,585.20,"175,560.00"
2026-03-25,1064,2026032505034973,CHDC,25,32,12,"2,573.20","30,878.40"
2026-03-25,1065,2026032505034862,CHDC,39,74,50,"2,587.00","129,350.00"
2026-03-25,1066,2026032505034971,CIT,34,43,30,"1,870.00","56,100.00"
2026-03-25,1067,2026032505034791,CIT,47,58,119,"1,862.00","221,578.00"
2026-03-25,1068,2026032505034790,CIT,8,58,190,"1,862.30","353,837.00"
2026-03-25,1069,2026032505034789,CIT,13,58,20,"1,862.40","37,248.00"
2026-03-25,1070,2026032505034788,CIT,89,58,35,"1,862.40","65,184.00"
2026-03-25,1071,2026032505034787,CIT,55,58,51,"1,863.00","95,013.00"
2026-03-25,1072,2026032505034786,CIT,28,58,10,"1,863.00","18,630.00"
2026-03-25,1073,2026032505034785,CIT,22,58,30,"1,863.00","55,890.00"
2026-03-25,1074,2026032505034784,CIT,49,58,54,"1,863.00","100,602.00"
2026-03-25,1075,2026032505034723,CIT,35,52,1,"1,860.00","1,860.00"
2026-03-25,1076,2026032505035012,CLI,58,40,13,490.30,"6,373.90"
2026-03-25,1077,2026032505034883,CLI,39,39,3,491.00,"1,473.00"
2026-03-25,1078,2026032505034842,CLI,48,22,17,491.00,"8,347.00"
2026-03-25,1079,2026032505034777,DOLTI,64,8,100,515.00,"51,500.00"
2026-03-25,1080,2026032505034561,DORDI,19,16,400,310.00,"124,000.00"
2026-03-25,1081,2026032505034560,DORDI,19,34,100,309.90,"30,990.00"
2026-03-25,1082,2026032505034559,DORDI,19,17,100,309.90,"30,990.00"
2026-03-25,1083,2026032505034558,DORDI,19,64,149,309.80,"46,160.20"
2026-03-25,1084,2026032505034554,DORDI,51,16,10,309.00,"3,090.00"
2026-03-25,1085,2026032505034587,DORDI,48,62,135,308.20,"41,607.00"
2026-03-25,1086,2026032505034586,DORDI,51,62,315,309.00,"97,335.00"
2026-03-25,1087,2026032505034567,DORDI,49,33,340,310.00,"105,400.00"
2026-03-25,1088,2026032505034566,DORDI,49,7,10,310.00,"3,100.00"
2026-03-25,1089,2026032505034565,DORDI,49,20,850,310.00,"263,500.00"
2026-03-25,1090,2026032505034562,DORDI,19,20,451,310.00,"139,810.00"
2026-03-25,1091,2026032505034763,EHPL,35,47,60,445.10,"26,706.00"
2026-03-25,1092,2026032505034762,EHPL,70,47,40,445.10,"17,804.00"
2026-03-25,1093,2026032505034748,EHPL,41,94,270,447.00,"120,690.00"
2026-03-25,1094,2026032505034747,EHPL,41,22,500,446.90,"223,450.00"
2026-03-25,1095,2026032505034746,EHPL,41,54,10,446.00,"4,460.00"
2026-03-25,1096,2026032505034745,EHPL,41,91,220,446.00,"98,120.00"
2026-03-25,1097,2026032505034663,EHPL,53,91,60,446.00,"26,760.00"
2026-03-25,1098,2026032505034662,EHPL,53,16,100,445.90,"44,590.00"
2026-03-25,1099,2026032505034635,EHPL,4,16,900,445.90,"401,310.00"
2026-03-25,1100,2026032505034583,EHPL,70,59,200,445.10,"89,020.00"
2026-03-25,1101,2026032505034526,EHPL,39,58,400,445.90,"178,360.00"
2026-03-25,1102,2026032505034957,GCIL,32,95,15,462.00,"6,930.00"
2026-03-25,1103,2026032505034956,GCIL,49,95,19,462.00,"8,778.00"
2026-03-25,1104,2026032505034955,GCIL,35,95,50,462.00,"23,100.00"
2026-03-25,1105,2026032505034954,GCIL,36,95,16,462.00,"7,392.00"
2026-03-25,1106,2026032505034629,GCIL,32,35,16,462.00,"7,392.00"
2026-03-25,1107,2026032505034796,HATHY,38,42,20,940.60,"18,812.00"
2026-03-25,1108,2026032505034795,HATHY,77,42,30,941.00,"28,230.00"
2026-03-25,1109,2026032505034794,HATHY,10,42,50,941.00,"47,050.00"
2026-03-25,1110,2026032505034665,HATHY,21,81,40,943.00,"37,720.00"
2026-03-25,1111,2026032505034592,HATHY,7,81,10,944.00,"9,440.00"
2026-03-25,1112,2026032505034584,HATHY,51,81,50,944.00,"47,200.00"
2026-03-25,1113,2026032505035014,HDL,38,43,57,"1,233.00","70,281.00"
2026-03-25,1114,2026032505035013,HDL,33,43,143,"1,233.00","176,319.00"
2026-03-25,1115,2026032505034576,HDL,33,45,150,"1,233.00","184,950.00"
2026-03-25,1116,2026032505034575,HDL,34,45,50,"1,233.00","61,650.00"
2026-03-25,1117,2026032505034574,HDL,49,45,100,"1,233.00","123,300.00"
2026-03-25,1118,2026032505034598,HDL,6,42,200,"1,234.00","246,800.00"
2026-03-25,1119,2026032505034760,HDL,4,25,50,"1,238.90","61,945.00"
2026-03-25,1120,2026032505034759,HDL,4,48,52,"1,236.00","64,272.00"
2026-03-25,1121,2026032505034758,HDL,4,42,153,"1,234.00","188,802.00"
2026-03-25,1122,2026032505034678,HDL,33,4,207,"1,233.00","255,231.00"
2026-03-25,1123,2026032505034765,HDL,4,58,145,"1,239.00","179,655.00"
2026-03-25,1124,2026032505034761,HDL,4,56,300,"1,239.00","371,700.00"
2026-03-25,1125,2026032505034596,HHL,25,59,483,376.00,"181,608.00"
2026-03-25,1126,2026032505034595,HHL,38,59,417,376.00,"156,792.00"
2026-03-25,1127,2026032505034570,HHL,38,22,50,376.00,"18,800.00"
2026-03-25,1128,2026032505034738,HHL,34,45,30,376.00,"11,280.00"
2026-03-25,1129,2026032505034734,HHL,45,45,240,376.00,"90,240.00"
2026-03-25,1130,2026032505034606,HHL,45,45,160,376.00,"60,160.00"
2026-03-25,1131,2026032505034605,HHL,58,45,200,376.00,"75,200.00"
2026-03-25,1132,2026032505034604,HHL,25,45,17,376.00,"6,392.00"
2026-03-25,1133,2026032505034841,HHL,16,42,500,376.00,"188,000.00"
2026-03-25,1134,2026032505034816,HHL,16,49,731,376.00,"274,856.00"
2026-03-25,1135,2026032505034815,HHL,59,49,47,376.00,"17,672.00"
2026-03-25,1136,2026032505034779,HHL,59,45,153,376.00,"57,528.00"
2026-03-25,1137,2026032505034776,HHL,16,45,500,376.00,"188,000.00"
2026-03-25,1138,2026032505034977,HIDCL,42,38,134,301.00,"40,334.00"
2026-03-25,1139,2026032505034976,HIDCL,42,48,366,301.00,"110,166.00"
2026-03-25,1140,2026032505034907,HIDCL,64,72,375,300.50,"112,687.50"
2026-03-25,1141,2026032505034906,HIDCL,34,72,192,300.50,"57,696.00"
2026-03-25,1142,2026032505034905,HIDCL,52,72,300,300.60,"90,180.00"
2026-03-25,1143,2026032505034904,HIDCL,57,72,300,300.60,"90,180.00"
2026-03-25,1144,2026032505034797,HIDCL,48,58,82,300.60,"24,649.20"
2026-03-25,1145,2026032505034722,HIDCL,34,48,200,301.00,"60,200.00"
2026-03-25,1146,2026032505034664,HIDCL,58,17,100,300.90,"30,090.00"
2026-03-25,1147,2026032505034661,HIDCL,48,50,100,300.60,"30,060.00"
2026-03-25,1148,2026032505034903,HIDCL,39,72,140,300.60,"42,084.00"
2026-03-25,1149,2026032505034902,HIDCL,34,72,300,300.60,"90,180.00"
2026-03-25,1150,2026032505034901,HIDCL,48,72,58,300.60,"17,434.80"
2026-03-25,1151,2026032505034864,HIDCL,48,25,60,300.60,"18,036.00"
2026-03-25,1152,2026032505034863,HIDCL,37,25,40,300.90,"12,036.00"
2026-03-25,1153,2026032505034861,HIDCL,37,25,150,300.90,"45,135.00"
2026-03-25,1154,2026032505035006,HRL,35,55,10,880.00,"8,800.00"
2026-03-25,1155,2026032505035004,HRL,6,55,100,880.00,"88,000.00"
2026-03-25,1156,2026032505035001,HRL,67,62,46,878.00,"40,388.00"
2026-03-25,1157,2026032505035000,HRL,52,62,30,878.00,"26,340.00"
2026-03-25,1158,2026032505034999,HRL,17,62,100,878.00,"87,800.00"
2026-03-25,1159,2026032505034533,HRL,13,34,30,879.40,"26,382.00"
2026-03-25,1160,2026032505034649,HRL,6,57,20,879.40,"17,588.00"
2026-03-25,1161,2026032505034648,HRL,45,57,75,879.50,"65,962.50"
2026-03-25,1162,2026032505034634,HRL,41,62,80,880.00,"70,400.00"
2026-03-25,1163,2026032505034620,HRL,13,62,100,880.00,"88,000.00"
2026-03-25,1164,2026032505034557,HRL,6,47,180,879.40,"158,292.00"
2026-03-25,1165,2026032505034556,HRL,13,47,20,879.40,"17,588.00"
2026-03-25,1166,2026032505034844,HRL,48,59,300,879.50,"263,850.00"
2026-03-25,1167,2026032505034772,HRL,39,42,50,880.00,"44,000.00"
2026-03-25,1168,2026032505034739,HRL,34,42,10,880.00,"8,800.00"
2026-03-25,1169,2026032505034721,HRL,57,42,100,880.00,"88,000.00"
2026-03-25,1170,2026032505034698,HRL,99,62,100,880.00,"88,000.00"
2026-03-25,1171,2026032505034650,HRL,38,57,405,879.20,"356,076.00"
2026-03-25,1172,2026032505034914,HRL,58,33,10,879.10,"8,791.00"
2026-03-25,1173,2026032505034913,HRL,38,33,25,879.20,"21,980.00"
2026-03-25,1174,2026032505034912,HRL,38,35,60,880.00,"52,800.00"
2026-03-25,1175,2026032505034911,HRL,38,42,140,880.00,"123,200.00"
2026-03-25,1176,2026032505034846,HRL,38,59,70,879.20,"61,544.00"
2026-03-25,1177,2026032505034845,HRL,51,59,30,879.30,"26,379.00"
2026-03-25,1178,2026032505034960,HRL,35,38,500,879.00,"439,500.00"
2026-03-25,1179,2026032505034959,HRL,44,38,15,879.00,"13,185.00"
2026-03-25,1180,2026032505034958,HRL,40,38,100,879.30,"87,930.00"
2026-03-25,1181,2026032505034917,HRL,44,33,85,879.00,"74,715.00"
2026-03-25,1182,2026032505034916,HRL,7,33,100,879.10,"87,910.00"
2026-03-25,1183,2026032505034915,HRL,77,33,30,879.10,"26,373.00"
2026-03-25,1184,2026032505034964,HRL,90,38,186,879.00,"163,494.00"
2026-03-25,1185,2026032505034963,HRL,7,38,30,879.00,"26,370.00"
2026-03-25,1186,2026032505034962,HRL,52,38,100,879.00,"87,900.00"
2026-03-25,1187,2026032505034961,HRL,43,38,500,879.00,"439,500.00"
2026-03-25,1188,2026032505034992,HRL,13,62,100,879.00,"87,900.00"
2026-03-25,1189,2026032505034991,HRL,90,62,14,879.00,"12,306.00"
2026-03-25,1190,2026032505034990,HRL,36,62,100,879.20,"87,920.00"
2026-03-25,1191,2026032505034979,HRL,36,55,186,880.00,"163,680.00"
2026-03-25,1192,2026032505034978,HRL,36,35,14,880.00,"12,320.00"
2026-03-25,1193,2026032505034998,HRL,44,62,100,878.00,"87,800.00"
2026-03-25,1194,2026032505034997,HRL,14,62,100,878.00,"87,800.00"
2026-03-25,1195,2026032505034996,HRL,42,62,50,878.00,"43,900.00"
2026-03-25,1196,2026032505034995,HRL,14,62,20,878.10,"17,562.00"
2026-03-25,1197,2026032505034994,HRL,35,62,20,879.00,"17,580.00"
2026-03-25,1198,2026032505034993,HRL,49,62,20,879.00,"17,580.00"
2026-03-25,1199,2026032505035009,ILI,58,4,12,468.10,"5,617.20"
2026-03-25,1200,2026032505034589,MAKAR,64,14,100,541.00,"54,100.00"
2026-03-25,1201,2026032505034910,MANDU,57,29,50,848.00,"42,400.00"
2026-03-25,1202,2026032505034909,MANDU,22,29,100,848.00,"84,800.00"
2026-03-25,1203,2026032505034975,MBJC,41,41,10,317.00,"3,170.00"
2026-03-25,1204,2026032505034974,MBJC,25,41,990,317.00,"313,830.00"
2026-03-25,1205,2026032505034824,MBJC,25,42,10,317.00,"3,170.00"
2026-03-25,1206,2026032505034754,MEHL,42,42,301,469.00,"141,169.00"
2026-03-25,1207,2026032505034753,MEHL,37,42,49,469.00,"22,981.00"
2026-03-25,1208,2026032505034752,MEHL,32,42,150,469.10,"70,365.00"
2026-03-25,1209,2026032505034601,MEHL,32,42,250,469.10,"117,275.00"
2026-03-25,1210,2026032505034600,MEHL,52,42,50,470.00,"23,500.00"
2026-03-25,1211,2026032505034599,MEHL,49,42,200,471.60,"94,320.00"
2026-03-25,1212,2026032505035008,MEL,4,42,100,298.80,"29,880.00"
2026-03-25,1213,2026032505034966,MEL,21,45,50,298.60,"14,930.00"
2026-03-25,1214,2026032505034965,MEL,57,45,21,298.60,"6,270.60"
2026-03-25,1215,2026032505034967,MEL,34,45,29,298.50,"8,656.50"
2026-03-25,1216,2026032505034668,MHCL,62,33,300,382.00,"114,600.00"
2026-03-25,1217,2026032505035011,MHL,33,59,200,550.50,"110,100.00"
2026-03-25,1218,2026032505034908,MHL,33,62,240,550.50,"132,120.00"
2026-03-25,1219,2026032505034646,MHL,49,38,205,550.50,"112,852.50"
2026-03-25,1220,2026032505034591,MHL,49,25,39,550.50,"21,469.50"
2026-03-25,1221,2026032505034590,MHL,32,25,21,550.50,"11,560.50"
2026-03-25,1222,2026032505034870,MKHC,4,38,50,349.50,"17,475.00"
2026-03-25,1223,2026032505034782,MKHC,71,52,95,349.10,"33,164.50"
2026-03-25,1224,2026032505034773,MKHC,71,54,123,349.10,"42,939.30"
2026-03-25,1225,2026032505034733,MKHC,71,4,14,349.10,"4,887.40"
2026-03-25,1226,2026032505034588,MKHC,84,52,50,349.20,"17,460.00"
2026-03-25,1227,2026032505034709,MKHL,50,54,10,783.00,"7,830.00"
2026-03-25,1228,2026032505034953,MKJC,85,4,500,538.00,"269,000.00"
2026-03-25,1229,2026032505034717,MMKJL,50,43,26,568.50,"14,781.00"
2026-03-25,1230,2026032505034716,MMKJL,26,43,200,568.50,"113,700.00"
2026-03-25,1231,2026032505034715,MMKJL,41,43,20,569.00,"11,380.00"
2026-03-25,1232,2026032505034714,MMKJL,58,43,30,569.00,"17,070.00"
2026-03-25,1233,2026032505034713,MMKJL,1,43,100,569.00,"56,900.00"
2026-03-25,1234,2026032505034712,MMKJL,55,43,124,569.00,"70,556.00"
2026-03-25,1235,2026032505034940,NIFRA,50,35,70,289.00,"20,230.00"
2026-03-25,1236,2026032505034889,NIFRA,50,32,306,289.00,"88,434.00"
2026-03-25,1237,2026032505034888,NIFRA,45,32,87,289.00,"25,143.00"
2026-03-25,1238,2026032505034887,NIFRA,32,32,156,289.00,"45,084.00"
2026-03-25,1239,2026032505034886,NIFRA,34,32,"1,000",289.10,"289,100.00"
2026-03-25,1240,2026032505034885,NIFRA,45,32,200,289.10,"57,820.00"
2026-03-25,1241,2026032505034541,NIFRA,39,32,150,289.00,"43,350.00"
2026-03-25,1242,2026032505034540,NIFRA,14,32,150,289.00,"43,350.00"
2026-03-25,1243,2026032505034539,NIFRA,52,32,100,289.00,"28,900.00"
2026-03-25,1244,2026032505034538,NIFRA,47,32,50,289.00,"14,450.00"
2026-03-25,1245,2026032505034537,NIFRA,49,32,50,289.00,"14,450.00"
2026-03-25,1246,2026032505034703,NIFRA,39,58,100,289.00,"28,900.00"
2026-03-25,1247,2026032505034702,NIFRA,52,58,76,289.10,"21,971.60"
2026-03-25,1248,2026032505034681,NIFRA,52,56,200,289.10,"57,820.00"
2026-03-25,1249,2026032505034680,NIFRA,67,56,100,289.10,"28,910.00"
2026-03-25,1250,2026032505034679,NIFRA,10,56,200,289.10,"57,820.00"
2026-03-25,1251,2026032505034623,NIFRA,55,45,200,290.00,"58,000.00"
2026-03-25,1252,2026032505034884,NIFRA,50,32,251,289.20,"72,589.20"
2026-03-25,1253,2026032505034882,NIFRA,34,39,200,289.90,"57,980.00"
2026-03-25,1254,2026032505034707,NIFRA,32,58,344,289.00,"99,416.00"
2026-03-25,1255,2026032505034706,NIFRA,35,58,500,289.00,"144,500.00"
2026-03-25,1256,2026032505034705,NIFRA,44,58,100,289.00,"28,900.00"
2026-03-25,1257,2026032505034704,NIFRA,14,58,300,289.00,"86,700.00"
2026-03-25,1258,2026032505034880,NRIC,33,69,3,"1,266.00","3,798.00"
2026-03-25,1259,2026032505034872,NRIC,51,34,50,"1,269.00","63,450.00"
2026-03-25,1260,2026032505034676,NRIC,34,34,50,"1,269.00","63,450.00"
2026-03-25,1261,2026032505034987,NRM,49,48,60,450.10,"27,006.00"
2026-03-25,1262,2026032505034986,NRM,54,48,100,450.20,"45,020.00"
2026-03-25,1263,2026032505034985,NRM,45,48,30,450.30,"13,509.00"
2026-03-25,1264,2026032505034984,NRM,35,48,30,450.50,"13,515.00"
2026-03-25,1265,2026032505034983,NRM,34,48,30,450.50,"13,515.00"
2026-03-25,1266,2026032505034524,NRM,34,98,70,450.50,"31,535.00"
2026-03-25,1267,2026032505034523,NRM,59,98,60,450.60,"27,036.00"
2026-03-25,1268,2026032505034522,NRM,10,98,200,450.70,"90,140.00"
2026-03-25,1269,2026032505034521,NRM,88,98,170,451.00,"76,670.00"
2026-03-25,1270,2026032505034577,NRN,3,48,62,"1,606.00","99,572.00"
2026-03-25,1271,2026032505034536,NRN,44,48,200,"1,606.00","321,200.00"
2026-03-25,1272,2026032505034667,NRN,35,34,246,"1,605.00","394,830.00"
2026-03-25,1273,2026032505034666,NRN,58,34,200,"1,605.10","321,020.00"
2026-03-25,1274,2026032505034585,NRN,19,32,95,"1,606.00","152,570.00"
2026-03-25,1275,2026032505034578,NRN,3,32,38,"1,606.00","61,028.00"
2026-03-25,1276,2026032505034670,NRN,58,53,300,"1,608.00","482,400.00"
2026-03-25,1277,2026032505034669,NRN,58,32,117,"1,606.00","187,902.00"
2026-03-25,1278,2026032505034950,NRN,58,51,192,"1,609.90","309,100.80"
2026-03-25,1279,2026032505034780,NRN,38,32,187,"1,609.00","300,883.00"
2026-03-25,1280,2026032505034771,NRN,58,32,13,"1,609.00","20,917.00"
2026-03-25,1281,2026032505034770,NRN,58,79,70,"1,609.00","112,630.00"
2026-03-25,1282,2026032505034936,NTC,58,21,20,895.00,"17,900.00"
2026-03-25,1283,2026032505034935,NTC,17,21,10,895.00,"8,950.00"
2026-03-25,1284,2026032505034934,NTC,42,21,10,895.00,"8,950.00"
2026-03-25,1285,2026032505034933,NTC,36,21,100,895.00,"89,500.00"
2026-03-25,1286,2026032505034932,NTC,65,21,110,895.10,"98,461.00"
2026-03-25,1287,2026032505034931,NTC,35,21,200,895.20,"179,040.00"
2026-03-25,1288,2026032505034930,NTC,89,21,12,899.00,"10,788.00"
2026-03-25,1289,2026032505034929,NTC,48,21,31,899.00,"27,869.00"
2026-03-25,1290,2026032505034660,NTC,48,51,10,899.00,"8,990.00"
2026-03-25,1291,2026032505035003,NYADI,49,45,10,441.00,"4,410.00"
2026-03-25,1292,2026032505035002,NYADI,45,45,90,442.00,"39,780.00"
2026-03-25,1293,2026032505034850,NYADI,45,45,110,442.00,"48,620.00"
2026-03-25,1294,2026032505034972,PHCL,32,42,50,343.00,"17,150.00"
2026-03-25,1295,2026032505034970,PHCL,3,14,100,342.60,"34,260.00"
2026-03-25,1296,2026032505034969,PHCL,55,14,200,342.60,"68,520.00"
2026-03-25,1297,2026032505034968,PHCL,3,14,200,342.60,"68,520.00"
2026-03-25,1298,2026032505034881,PHCL,49,42,100,343.00,"34,300.00"
2026-03-25,1299,2026032505034823,PHCL,32,42,10,343.00,"3,430.00"
2026-03-25,1300,2026032505034580,PHCL,34,47,550,342.70,"188,485.00"
2026-03-25,1301,2026032505034544,PHCL,58,42,25,343.00,"8,575.00"
2026-03-25,1302,2026032505034543,PHCL,47,42,100,343.00,"34,300.00"
2026-03-25,1303,2026032505034542,PHCL,33,42,59,343.00,"20,237.00"
2026-03-25,1304,2026032505034822,PHCL,32,14,40,342.70,"13,708.00"
2026-03-25,1305,2026032505034778,PHCL,50,14,10,342.70,"3,427.00"
2026-03-25,1306,2026032505034724,PHCL,14,14,150,342.70,"51,405.00"
2026-03-25,1307,2026032505034710,PHCL,48,42,100,343.00,"34,300.00"
2026-03-25,1308,2026032505034582,PHCL,38,42,"1,000",343.00,"343,000.00"
2026-03-25,1309,2026032505034581,PHCL,14,47,350,342.70,"119,945.00"
2026-03-25,1310,2026032505034890,PPL,70,36,20,392.00,"7,840.00"
2026-03-25,1311,2026032505034726,PPL,70,42,100,392.00,"39,200.00"
2026-03-25,1312,2026032505034725,PPL,14,42,100,392.10,"39,210.00"
2026-03-25,1313,2026032505034697,PPL,14,57,200,392.10,"78,420.00"
2026-03-25,1314,2026032505034553,PPL,70,55,158,392.00,"61,936.00"
2026-03-25,1315,2026032505034552,PPL,38,55,30,392.00,"11,760.00"
2026-03-25,1316,2026032505034551,PPL,11,55,10,392.00,"3,920.00"
2026-03-25,1317,2026032505034550,PPL,41,55,10,392.00,"3,920.00"
2026-03-25,1318,2026032505034549,PPL,14,55,50,392.00,"19,600.00"
2026-03-25,1319,2026032505034548,PPL,36,55,76,392.00,"29,792.00"
2026-03-25,1320,2026032505034547,PPL,58,55,90,392.00,"35,280.00"
2026-03-25,1321,2026032505034546,PPL,56,55,76,393.00,"29,868.00"
2026-03-25,1322,2026032505034869,RFPL,34,64,145,422.20,"61,219.00"
2026-03-25,1323,2026032505034868,RFPL,95,64,250,422.20,"105,550.00"
2026-03-25,1324,2026032505034867,RFPL,68,64,250,422.20,"105,550.00"
2026-03-25,1325,2026032505034866,RFPL,99,64,255,423.00,"107,865.00"
2026-03-25,1326,2026032505034865,RFPL,6,64,100,424.00,"42,400.00"
2026-03-25,1327,2026032505034730,RFPL,99,36,745,423.00,"315,135.00"
2026-03-25,1328,2026032505034638,RFPL,58,84,200,424.10,"84,820.00"
2026-03-25,1329,2026032505034637,RFPL,17,84,90,424.10,"38,169.00"
2026-03-25,1330,2026032505034564,RFPL,49,43,185,424.90,"78,606.50"
2026-03-25,1331,2026032505034729,RFPL,58,36,55,423.00,"23,265.00"
2026-03-25,1332,2026032505034728,RFPL,35,36,100,424.00,"42,400.00"
2026-03-25,1333,2026032505034727,RFPL,57,36,100,424.00,"42,400.00"
2026-03-25,1334,2026032505034641,RFPL,50,84,100,424.00,"42,400.00"
2026-03-25,1335,2026032505034640,RFPL,13,84,100,424.00,"42,400.00"
2026-03-25,1336,2026032505034639,RFPL,4,84,100,424.10,"42,410.00"
2026-03-25,1337,2026032505034927,RHGCL,14,14,300,323.80,"97,140.00"
2026-03-25,1338,2026032505034781,RHGCL,38,51,2,318.70,637.40
2026-03-25,1339,2026032505034655,RHGCL,58,6,190,322.30,"61,237.00"
2026-03-25,1340,2026032505034654,RHGCL,42,6,10,323.00,"3,230.00"
2026-03-25,1341,2026032505034653,RHGCL,41,6,300,323.00,"96,900.00"
2026-03-25,1342,2026032505034645,RHGCL,41,47,10,323.10,"3,231.00"
2026-03-25,1343,2026032505034603,RHGCL,41,45,400,323.10,"129,240.00"
2026-03-25,1344,2026032505034948,RMF1,55,47,"1,000",10.00,"10,000.00"
2026-03-25,1345,2026032505034947,RMF1,55,17,"19,000",9.95,"189,050.00"
2026-03-25,1346,2026032505035010,SAHAS,47,72,100,636.00,"63,600.00"
2026-03-25,1347,2026032505034989,SAHAS,25,72,100,636.00,"63,600.00"
2026-03-25,1348,2026032505034938,SAHAS,45,72,200,636.00,"127,200.00"
2026-03-25,1349,2026032505034900,SAHAS,49,72,20,636.00,"12,720.00"
2026-03-25,1350,2026032505034899,SAHAS,16,72,322,636.00,"204,792.00"
2026-03-25,1351,2026032505034879,SAHAS,16,42,17,636.00,"10,812.00"
2026-03-25,1352,2026032505034535,SAHAS,56,45,134,636.00,"85,224.00"
2026-03-25,1353,2026032505034756,SAHAS,16,4,25,636.00,"15,900.00"
2026-03-25,1354,2026032505034755,SAHAS,16,36,161,636.00,"102,396.00"
2026-03-25,1355,2026032505034751,SAHAS,18,36,50,636.00,"31,800.00"
2026-03-25,1356,2026032505034630,SAHAS,35,70,13,635.60,"8,262.80"
2026-03-25,1357,2026032505034594,SAHAS,35,59,184,635.60,"116,950.40"
2026-03-25,1358,2026032505034593,SAHAS,56,59,16,636.00,"10,176.00"
2026-03-25,1359,2026032505034877,SAHAS,16,47,415,637.00,"264,355.00"
2026-03-25,1360,2026032505034876,SAHAS,16,17,10,637.00,"6,370.00"
2026-03-25,1361,2026032505034875,SAHAS,16,49,50,637.00,"31,850.00"
2026-03-25,1362,2026032505034874,SAHAS,16,58,25,637.00,"15,925.00"
2026-03-25,1363,2026032505034873,SAHAS,16,53,"1,000",637.00,"637,000.00"
2026-03-25,1364,2026032505034854,SAHAS,16,34,300,636.00,"190,800.00"
2026-03-25,1365,2026032505034852,SANVI,42,38,56,823.00,"46,088.00"
2026-03-25,1366,2026032505034851,SANVI,77,38,55,825.00,"45,375.00"
2026-03-25,1367,2026032505034783,SANVI,77,52,10,825.00,"8,250.00"
2026-03-25,1368,2026032505034672,SANVI,77,58,10,825.00,"8,250.00"
2026-03-25,1369,2026032505034671,SANVI,77,45,425,825.00,"350,625.00"
2026-03-25,1370,2026032505034621,SANVI,42,45,10,825.00,"8,250.00"
2026-03-25,1371,2026032505034619,SANVI,77,45,50,825.00,"41,250.00"
2026-03-25,1372,2026032505034618,SANVI,77,57,50,824.90,"41,245.00"
2026-03-25,1373,2026032505034812,SGHC,57,19,190,448.00,"85,120.00"
2026-03-25,1374,2026032505034736,SGHC,57,49,100,448.00,"44,800.00"
2026-03-25,1375,2026032505034647,SGHC,57,59,70,448.00,"31,360.00"
2026-03-25,1376,2026032505034636,SGHC,55,59,30,448.00,"13,440.00"
2026-03-25,1377,2026032505034607,SGHC,34,62,500,446.70,"223,350.00"
2026-03-25,1378,2026032505035020,SHIVM,51,13,111,698.00,"77,478.00"
2026-03-25,1379,2026032505035007,SHIVM,51,34,68,698.00,"47,464.00"
2026-03-25,1380,2026032505034928,SHIVM,58,81,91,698.60,"63,572.60"
2026-03-25,1381,2026032505034925,SHIVM,51,17,415,698.00,"289,670.00"
2026-03-25,1382,2026032505034924,SHIVM,58,17,585,698.10,"408,388.50"
2026-03-25,1383,2026032505034855,SHIVM,51,34,300,698.00,"209,400.00"
2026-03-25,1384,2026032505034657,SHIVM,22,26,50,698.00,"34,900.00"
2026-03-25,1385,2026032505034656,SHIVM,94,26,45,698.00,"31,410.00"
2026-03-25,1386,2026032505034579,SHIVM,94,38,10,698.00,"6,980.00"
2026-03-25,1387,2026032505034573,SHIVM,94,8,35,698.00,"24,430.00"
2026-03-25,1388,2026032505034528,SHIVM,26,49,100,698.60,"69,860.00"
2026-03-25,1389,2026032505034699,SHIVM,91,34,100,698.00,"69,800.00"
2026-03-25,1390,2026032505034675,SHIVM,98,49,570,697.50,"397,575.00"
2026-03-25,1391,2026032505034674,SHIVM,32,49,100,698.00,"69,800.00"
2026-03-25,1392,2026032505034673,SHIVM,22,49,195,698.00,"136,110.00"
2026-03-25,1393,2026032505034659,SHIVM,22,26,305,698.00,"212,890.00"
2026-03-25,1394,2026032505034658,SHIVM,56,26,100,698.00,"69,800.00"
2026-03-25,1395,2026032505034849,SHIVM,51,81,660,698.00,"460,680.00"
2026-03-25,1396,2026032505034848,SHIVM,65,81,200,698.10,"139,620.00"
2026-03-25,1397,2026032505034744,SHIVM,51,41,30,698.00,"20,940.00"
2026-03-25,1398,2026032505034743,SHIVM,40,41,20,698.00,"13,960.00"
2026-03-25,1399,2026032505034742,SHIVM,40,41,10,698.00,"6,980.00"
2026-03-25,1400,2026032505034737,SHIVM,49,81,200,698.60,"139,720.00"
2026-03-25,1401,2026032505034616,SIKLES,49,34,20,631.00,"12,620.00"
2026-03-25,1402,2026032505034569,SIKLES,35,34,80,631.00,"50,480.00"
2026-03-25,1403,2026032505034568,SIKLES,35,54,30,631.00,"18,930.00"
2026-03-25,1404,2026032505034949,SMH,58,49,11,642.00,"7,062.00"
2026-03-25,1405,2026032505034757,SMH,74,44,107,640.20,"68,501.40"
2026-03-25,1406,2026032505034532,SMH,39,38,40,640.00,"25,600.00"
2026-03-25,1407,2026032505034531,SMH,26,38,340,640.00,"217,600.00"
2026-03-25,1408,2026032505034530,SMH,41,38,20,640.10,"12,802.00"
2026-03-25,1409,2026032505035005,SMHL,57,34,50,557.00,"27,850.00"
2026-03-25,1410,2026032505034982,SMHL,58,34,100,557.00,"55,700.00"
2026-03-25,1411,2026032505034945,SMHL,74,14,287,556.50,"159,715.50"
2026-03-25,1412,2026032505034944,SMHL,19,14,50,556.50,"27,825.00"
2026-03-25,1413,2026032505034943,SMHL,43,14,290,556.60,"161,414.00"
2026-03-25,1414,2026032505034942,SMHL,16,14,160,556.60,"89,056.00"
2026-03-25,1415,2026032505034571,SMHL,33,11,40,557.00,"22,280.00"
2026-03-25,1416,2026032505034749,SMHL,39,39,500,556.90,"278,450.00"
2026-03-25,1417,2026032505034711,SMHL,25,34,40,557.00,"22,280.00"
2026-03-25,1418,2026032505034701,SMHL,16,13,100,556.60,"55,660.00"
2026-03-25,1419,2026032505034685,SMHL,38,34,424,557.00,"236,168.00"
2026-03-25,1420,2026032505034684,SMHL,38,11,63,557.00,"35,091.00"
2026-03-25,1421,2026032505034622,SMHL,56,11,20,557.00,"11,140.00"
2026-03-25,1422,2026032505034941,SMHL,51,14,213,556.70,"118,577.10"
2026-03-25,1423,2026032505034939,SMHL,49,13,100,556.90,"55,690.00"
2026-03-25,1424,2026032505034937,SMHL,51,94,200,556.70,"111,340.00"
2026-03-25,1425,2026032505034847,SMHL,81,34,200,557.00,"111,400.00"
2026-03-25,1426,2026032505034817,SMHL,57,34,350,557.00,"194,950.00"
2026-03-25,1427,2026032505034750,SMHL,39,34,500,557.00,"278,500.00"
2026-03-25,1428,2026032505034735,SMJC,95,55,446,505.00,"225,230.00"
2026-03-25,1429,2026032505034708,SMJC,52,55,104,505.00,"52,520.00"
2026-03-25,1430,2026032505035019,SONA,49,58,80,482.00,"38,560.00"
2026-03-25,1431,2026032505035018,SONA,49,1,100,482.00,"48,200.00"
2026-03-25,1432,2026032505035017,SONA,49,34,840,482.00,"404,880.00"
2026-03-25,1433,2026032505035016,SONA,49,25,50,482.00,"24,100.00"
2026-03-25,1434,2026032505035015,SONA,49,64,66,481.90,"31,805.40"
2026-03-25,1435,2026032505034980,SONA,29,44,10,481.20,"4,812.00"
2026-03-25,1436,2026032505034768,SONA,19,64,473,481.00,"227,513.00"
2026-03-25,1437,2026032505034767,SONA,8,64,150,481.10,"72,165.00"
2026-03-25,1438,2026032505034766,SONA,8,57,50,481.10,"24,055.00"
2026-03-25,1439,2026032505034764,SONA,8,52,50,481.10,"24,055.00"
2026-03-25,1440,2026032505034617,SONA,34,42,14,481.20,"6,736.80"
2026-03-25,1441,2026032505034602,SONA,22,42,50,481.20,"24,060.00"
2026-03-25,1442,2026032505034801,SONA,45,42,156,481.20,"75,067.20"
2026-03-25,1443,2026032505034800,SONA,28,45,773,481.00,"371,813.00"
2026-03-25,1444,2026032505034799,SONA,26,45,227,481.00,"109,187.00"
2026-03-25,1445,2026032505034775,SONA,26,1,73,481.00,"35,113.00"
2026-03-25,1446,2026032505034774,SONA,19,1,27,481.00,"12,987.00"
2026-03-25,1447,2026032505034769,SONA,22,42,30,481.20,"14,436.00"
2026-03-25,1448,2026032505034952,SONA,61,64,934,481.90,"450,094.60"
2026-03-25,1449,2026032505034951,SONA,61,34,66,481.90,"31,805.40"
2026-03-25,1450,2026032505034878,SONA,29,42,200,481.20,"96,240.00"
2026-03-25,1451,2026032505034804,SONA,45,34,244,481.90,"117,583.60"
2026-03-25,1452,2026032505034803,SONA,45,62,500,481.20,"240,600.00"
2026-03-25,1453,2026032505034802,SONA,45,40,100,481.20,"48,120.00"
2026-03-25,1454,2026032505034891,SPC,57,56,20,515.10,"10,302.00"
2026-03-25,1455,2026032505034840,SPL,8,10,72,751.00,"54,072.00"
2026-03-25,1456,2026032505034839,SPL,19,10,100,751.00,"75,100.00"
2026-03-25,1457,2026032505034838,SPL,19,10,100,751.50,"75,150.00"
2026-03-25,1458,2026032505034837,SPL,84,10,"1,000",751.60,"751,600.00"
2026-03-25,1459,2026032505034836,SPL,5,10,15,751.70,"11,275.50"
2026-03-25,1460,2026032505034835,SPL,14,10,13,752.00,"9,776.00"
2026-03-25,1461,2026032505034920,TAMOR,43,56,578,465.00,"268,770.00"
2026-03-25,1462,2026032505034919,TAMOR,43,35,10,465.00,"4,650.00"
2026-03-25,1463,2026032505034918,TAMOR,43,56,412,465.00,"191,580.00"
2026-03-25,1464,2026032505034860,TAMOR,35,56,10,465.00,"4,650.00"
2026-03-25,1465,2026032505034859,TAMOR,43,56,198,465.00,"92,070.00"
2026-03-25,1466,2026032505034858,TAMOR,43,4,500,465.00,"232,500.00"
2026-03-25,1467,2026032505034687,TAMOR,43,74,100,463.90,"46,390.00"
2026-03-25,1468,2026032505034686,TAMOR,43,7,500,463.00,"231,500.00"
2026-03-25,1469,2026032505034563,TAMOR,19,57,20,464.00,"9,280.00"
2026-03-25,1470,2026032505034693,TAMOR,43,57,450,464.90,"209,205.00"
2026-03-25,1471,2026032505034692,TAMOR,43,59,200,464.90,"92,980.00"
2026-03-25,1472,2026032505034691,TAMOR,43,44,160,464.80,"74,368.00"
2026-03-25,1473,2026032505034690,TAMOR,43,22,40,464.00,"18,560.00"
2026-03-25,1474,2026032505034689,TAMOR,43,43,50,464.00,"23,200.00"
2026-03-25,1475,2026032505034688,TAMOR,43,57,500,464.00,"232,000.00"
2026-03-25,1476,2026032505034857,TAMOR,43,32,22,465.00,"10,230.00"
2026-03-25,1477,2026032505034856,TAMOR,43,29,280,465.00,"130,200.00"
2026-03-25,1478,2026032505034821,TAMOR,22,29,10,465.00,"4,650.00"
2026-03-25,1479,2026032505034720,TAMOR,49,29,450,465.00,"209,250.00"
2026-03-25,1480,2026032505034719,TAMOR,49,58,"1,000",464.90,"464,900.00"
2026-03-25,1481,2026032505034718,TAMOR,49,57,550,464.90,"255,695.00"
2026-03-25,1482,2026032505034921,TPC,58,34,300,410.60,"123,180.00"
2026-03-25,1483,2026032505034853,TPC,57,34,44,410.60,"18,066.40"
2026-03-25,1484,2026032505034798,TPC,48,55,50,411.00,"20,550.00"
2026-03-25,1485,2026032505034683,TPC,94,55,20,411.00,"8,220.00"
2026-03-25,1486,2026032505034677,TPC,40,34,200,410.80,"82,160.00"
2026-03-25,1487,2026032505034652,TPC,57,34,400,410.60,"164,240.00"
2026-03-25,1488,2026032505034534,TPC,22,34,200,410.80,"82,160.00"
2026-03-25,1489,2026032505034811,TVCL,81,40,300,620.00,"186,000.00"
2026-03-25,1490,2026032505034810,TVCL,81,28,50,620.00,"31,000.00"
2026-03-25,1491,2026032505034809,TVCL,81,54,56,620.00,"34,720.00"
2026-03-25,1492,2026032505034808,TVCL,81,22,500,619.00,"309,500.00"
2026-03-25,1493,2026032505034807,TVCL,81,77,10,619.00,"6,190.00"
2026-03-25,1494,2026032505034806,TVCL,81,25,20,618.00,"12,360.00"
2026-03-25,1495,2026032505034805,TVCL,81,80,50,617.00,"30,850.00"
2026-03-25,1496,2026032505034545,TVCL,35,74,30,616.00,"18,480.00"
2026-03-25,1497,2026032505034981,UHEWA,40,59,100,622.00,"62,200.00"
2026-03-25,1498,2026032505034700,USHEC,57,34,200,513.90,"102,780.00"
2026-03-25,1499,2026032505034923,USHL,38,74,480,718.00,"344,640.00"
2026-03-25,1500,2026032505034922,USHL,57,74,20,720.00,"14,400.00"
2026-03-25,1501,2026032505034131,AHL,52,42,50,521.00,"26,050.00"
2026-03-25,1502,2026032505034439,BEDC,45,55,10,533.00,"5,330.00"
2026-03-25,1503,2026032505034438,BEDC,47,55,790,533.00,"421,070.00"
2026-03-25,1504,2026032505034216,BEDC,47,19,20,533.00,"10,660.00"
2026-03-25,1505,2026032505034420,BHDC,52,52,43,497.00,"21,371.00"
2026-03-25,1506,2026032505034513,BHL,6,84,200,249.00,"49,800.00"
2026-03-25,1507,2026032505034500,BHL,47,84,500,249.00,"124,500.00"
2026-03-25,1508,2026032505034489,BHL,38,84,500,249.00,"124,500.00"
2026-03-25,1509,2026032505034488,BHL,89,84,100,249.00,"24,900.00"
2026-03-25,1510,2026032505034487,BHL,43,84,704,249.00,"175,296.00"
