date,sn,contract_no,stock_symbol,buyer,seller,quantity,rate,amount
2026-02-27,1,2026022605012480,BBC,13,22,10,"4,620.00","46,200.00"
2026-02-27,2,2026022605012177,BEDC,55,90,100,511.00,"51,100.00"
2026-02-27,3,2026022605012042,BEDC,55,8,10,513.00,"5,130.00"
2026-02-27,4,2026022605012041,BEDC,55,57,20,512.50,"10,250.00"
2026-02-27,5,2026022605012242,BEDC,47,61,151,510.00,"77,010.00"
2026-02-27,6,2026022605012241,BEDC,4,61,20,510.10,"10,202.00"
2026-02-27,7,2026022605012240,BEDC,34,61,100,510.10,"51,010.00"
2026-02-27,8,2026022605012239,BEDC,25,61,10,511.00,"5,110.00"
2026-02-27,9,2026022605012238,BEDC,87,61,100,511.00,"51,100.00"
2026-02-27,10,2026022605012237,BEDC,55,61,27,511.00,"13,797.00"
2026-02-27,11,2026022605012363,BEDC,38,57,97,513.90,"49,848.30"
2026-02-27,12,2026022605012362,BEDC,38,38,200,513.00,"102,600.00"
2026-02-27,13,2026022605012429,BEDC,34,57,20,513.90,"10,278.00"
2026-02-27,14,2026022605012346,BHDC,84,56,100,470.00,"47,000.00"
2026-02-27,15,2026022605012081,BHDC,26,58,1,470.00,470.00
2026-02-27,16,2026022605012080,BHDC,26,48,39,470.00,"18,330.00"
2026-02-27,17,2026022605012074,BHDC,77,21,100,469.20,"46,920.00"
2026-02-27,18,2026022605012073,BHDC,19,21,300,469.20,"140,760.00"
2026-02-27,19,2026022605012072,BHDC,41,21,50,469.30,"23,465.00"
2026-02-27,20,2026022605012071,BHDC,39,21,542,469.40,"254,414.80"
2026-02-27,21,2026022605012232,BHL,42,59,300,197.20,"59,160.00"
2026-02-27,22,2026022605012210,BHL,42,17,150,197.20,"29,580.00"
2026-02-27,23,2026022605012115,BHL,67,17,100,197.90,"19,790.00"
2026-02-27,24,2026022605012110,BHL,49,50,"2,500",197.10,"492,750.00"
2026-02-27,25,2026022605012054,BHL,49,43,415,197.10,"81,796.50"
2026-02-27,26,2026022605012053,BHL,34,43,200,197.10,"39,420.00"
2026-02-27,27,2026022605012329,BHPL,57,56,45,549.00,"24,705.00"
2026-02-27,28,2026022605012328,BHPL,35,56,55,549.00,"30,195.00"
2026-02-27,29,2026022605012201,BHPL,35,11,35,549.00,"19,215.00"
2026-02-27,30,2026022605012122,BHPL,42,59,50,550.00,"27,500.00"
2026-02-27,31,2026022605012387,BNHC,4,48,89,332.60,"29,601.40"
2026-02-27,32,2026022605012386,BNHC,49,48,150,332.70,"49,905.00"
2026-02-27,33,2026022605012385,BNHC,42,48,570,332.80,"189,696.00"
2026-02-27,34,2026022605012384,BNHC,58,48,10,332.90,"3,329.00"
2026-02-27,35,2026022605012383,BNHC,40,48,90,332.90,"29,961.00"
2026-02-27,36,2026022605012273,BNHC,22,48,50,333.00,"16,650.00"
2026-02-27,37,2026022605012230,BNHC,57,48,"1,000",333.00,"333,000.00"
2026-02-27,38,2026022605012471,CHDC,55,42,10,"2,497.00","24,970.00"
2026-02-27,39,2026022605012460,CHDC,42,48,10,"2,490.00","24,900.00"
2026-02-27,40,2026022605012389,CHDC,50,42,20,"2,497.00","49,940.00"
2026-02-27,41,2026022605012160,CHDC,19,46,10,"2,496.30","24,963.00"
2026-02-27,42,2026022605012157,CHDC,14,7,15,"2,488.10","37,321.50"
2026-02-27,43,2026022605012382,CIT,38,40,13,"1,769.00","22,997.00"
2026-02-27,44,2026022605012319,CIT,46,40,10,"1,769.00","17,690.00"
2026-02-27,45,2026022605012159,CIT,55,42,100,"1,767.10","176,710.00"
2026-02-27,46,2026022605012432,CKHL,35,35,10,685.00,"6,850.00"
2026-02-27,47,2026022605012313,CLI,29,8,10,474.00,"4,740.00"
2026-02-27,48,2026022605012164,CLI,29,8,10,474.00,"4,740.00"
2026-02-27,49,2026022605012034,CLI,29,8,10,474.00,"4,740.00"
2026-02-27,50,2026022605012318,DOLTI,25,53,10,508.00,"5,080.00"
2026-02-27,51,2026022605012317,DOLTI,16,53,50,508.00,"25,400.00"
2026-02-27,52,2026022605012496,DORDI,42,67,440,275.00,"121,000.00"
2026-02-27,53,2026022605012495,DORDI,32,35,20,275.10,"5,502.00"
2026-02-27,54,2026022605012308,DORDI,42,32,60,275.00,"16,500.00"
2026-02-27,55,2026022605012307,DORDI,57,32,50,275.00,"13,750.00"
2026-02-27,56,2026022605012306,DORDI,54,32,90,275.00,"24,750.00"
2026-02-27,57,2026022605012156,DORDI,54,44,60,275.00,"16,500.00"
2026-02-27,58,2026022605012155,DORDI,48,44,200,275.00,"55,000.00"
2026-02-27,59,2026022605012154,DORDI,19,44,225,275.00,"61,875.00"
2026-02-27,60,2026022605012243,ENL,80,5,10,914.00,"9,140.00"
2026-02-27,61,2026022605012295,GVL,35,59,11,484.50,"5,329.50"
2026-02-27,62,2026022605012045,GVL,52,36,74,484.90,"35,882.60"
2026-02-27,63,2026022605012044,GVL,52,57,11,484.90,"5,333.90"
2026-02-27,64,2026022605012191,GVL,35,14,11,484.50,"5,329.50"
2026-02-27,65,2026022605012168,GVL,35,58,387,484.50,"187,501.50"
2026-02-27,66,2026022605012499,HATHY,6,32,10,904.00,"9,040.00"
2026-02-27,67,2026022605012175,HATHY,38,44,125,892.00,"111,500.00"
2026-02-27,68,2026022605012174,HATHY,45,44,10,892.00,"8,920.00"
2026-02-27,69,2026022605012173,HATHY,49,44,58,893.00,"51,794.00"
2026-02-27,70,2026022605012172,HATHY,36,44,10,893.00,"8,930.00"
2026-02-27,71,2026022605012374,HDL,42,3,49,"1,141.10","55,913.90"
2026-02-27,72,2026022605012373,HDL,58,71,260,"1,142.00","296,920.00"
2026-02-27,73,2026022605012372,HDL,58,14,200,"1,141.30","228,260.00"
2026-02-27,74,2026022605012371,HDL,58,57,10,"1,141.30","11,413.00"
2026-02-27,75,2026022605012370,HDL,58,90,30,"1,141.30","34,239.00"
2026-02-27,76,2026022605012020,HDL,66,7,17,"1,141.30","19,402.10"
2026-02-27,77,2026022605012077,HDL,42,8,50,"1,141.20","57,060.00"
2026-02-27,78,2026022605012057,HDL,45,7,21,"1,141.30","23,967.30"
2026-02-27,79,2026022605012021,HDL,26,7,20,"1,141.30","22,826.00"
2026-02-27,80,2026022605012264,HDL,42,7,193,"1,141.10","220,232.30"
2026-02-27,81,2026022605012085,HDL,36,7,99,"1,141.30","112,988.70"
2026-02-27,82,2026022605012079,HDL,42,8,158,"1,141.10","180,293.80"
2026-02-27,83,2026022605012078,HDL,5,8,50,"1,141.10","57,055.00"
2026-02-27,84,2026022605012416,HIDCL,52,34,10,261.20,"2,612.00"
2026-02-27,85,2026022605012364,HIDCL,62,34,10,261.20,"2,612.00"
2026-02-27,86,2026022605012324,HIDCL,42,45,50,261.10,"13,055.00"
2026-02-27,87,2026022605012199,HIDCL,58,50,300,260.00,"78,000.00"
2026-02-27,88,2026022605012198,HIDCL,14,50,"1,500",260.10,"390,150.00"
2026-02-27,89,2026022605012197,HIDCL,38,50,96,260.10,"24,969.60"
2026-02-27,90,2026022605012196,HIDCL,6,50,800,260.10,"208,080.00"
2026-02-27,91,2026022605012195,HIDCL,40,50,223,260.20,"58,024.60"
2026-02-27,92,2026022605012194,HIDCL,25,50,81,261.00,"21,141.00"
2026-02-27,93,2026022605012033,HIDCL,25,38,300,261.00,"78,300.00"
2026-02-27,94,2026022605012481,HRL,81,51,50,838.90,"41,945.00"
2026-02-27,95,2026022605012472,HRL,84,45,100,837.50,"83,750.00"
2026-02-27,96,2026022605012470,HRL,64,51,50,838.90,"41,945.00"
2026-02-27,97,2026022605012469,HRL,64,95,150,838.00,"125,700.00"
2026-02-27,98,2026022605012124,HRL,50,95,10,838.10,"8,381.00"
2026-02-27,99,2026022605012106,HRL,49,51,20,838.90,"16,778.00"
2026-02-27,100,2026022605012101,HRL,45,51,20,838.90,"16,778.00"
2026-02-27,101,2026022605012067,HRL,17,51,300,838.90,"251,670.00"
2026-02-27,102,2026022605012130,HRL,71,95,100,838.00,"83,800.00"
2026-02-27,103,2026022605012129,HRL,35,95,10,838.00,"8,380.00"
2026-02-27,104,2026022605012128,HRL,49,95,50,838.00,"41,900.00"
2026-02-27,105,2026022605012127,HRL,5,95,25,838.00,"20,950.00"
2026-02-27,106,2026022605012126,HRL,38,95,40,838.00,"33,520.00"
2026-02-27,107,2026022605012125,HRL,44,95,83,838.00,"69,554.00"
2026-02-27,108,2026022605012136,HRL,56,95,500,838.00,"419,000.00"
2026-02-27,109,2026022605012135,HRL,19,95,10,838.00,"8,380.00"
2026-02-27,110,2026022605012134,HRL,45,95,20,838.00,"16,760.00"
2026-02-27,111,2026022605012133,HRL,58,95,52,838.00,"43,576.00"
2026-02-27,112,2026022605012132,HRL,34,95,100,838.00,"83,800.00"
2026-02-27,113,2026022605012131,HRL,19,95,50,838.00,"41,900.00"
2026-02-27,114,2026022605012149,HRL,21,42,40,837.90,"33,516.00"
2026-02-27,115,2026022605012141,HRL,52,95,20,838.00,"16,760.00"
2026-02-27,116,2026022605012140,HRL,58,95,40,838.00,"33,520.00"
2026-02-27,117,2026022605012139,HRL,69,95,500,838.00,"419,000.00"
2026-02-27,118,2026022605012138,HRL,4,95,130,838.00,"108,940.00"
2026-02-27,119,2026022605012137,HRL,44,95,30,838.00,"25,140.00"
2026-02-27,120,2026022605012228,HRL,17,95,200,838.00,"167,600.00"
2026-02-27,121,2026022605012169,HRL,11,95,20,838.00,"16,760.00"
2026-02-27,122,2026022605012167,HRL,44,42,1,835.00,835.00
2026-02-27,123,2026022605012331,HRL,84,55,80,837.50,"67,000.00"
2026-02-27,124,2026022605012330,HRL,33,55,20,837.60,"16,752.00"
2026-02-27,125,2026022605012314,HRL,21,14,10,837.90,"8,379.00"
2026-02-27,126,2026022605012251,HRL,58,95,20,838.00,"16,760.00"
2026-02-27,127,2026022605012260,IHL,45,49,245,508.00,"124,460.00"
2026-02-27,128,2026022605012259,IHL,91,49,60,508.00,"30,480.00"
2026-02-27,129,2026022605012200,IHL,33,21,300,514.50,"154,350.00"
2026-02-27,130,2026022605012263,IHL,20,49,790,507.60,"401,004.00"
2026-02-27,131,2026022605012262,IHL,32,49,200,507.70,"101,540.00"
2026-02-27,132,2026022605012261,IHL,44,49,100,507.90,"50,790.00"
2026-02-27,133,2026022605012325,ILI,13,40,50,441.50,"22,075.00"
2026-02-27,134,2026022605012161,ILI,42,8,70,442.00,"30,940.00"
2026-02-27,135,2026022605012294,MAKAR,86,49,10,534.00,"5,340.00"
2026-02-27,136,2026022605012190,MAKAR,42,28,100,528.70,"52,870.00"
2026-02-27,137,2026022605012040,MAKAR,35,74,290,531.00,"153,990.00"
2026-02-27,138,2026022605012233,MANDU,101,91,10,802.00,"8,020.00"
2026-02-27,139,2026022605012227,MANDU,57,28,10,804.00,"8,040.00"
2026-02-27,140,2026022605012354,MBJC,98,50,50,289.00,"14,450.00"
2026-02-27,141,2026022605012296,MBJC,57,21,100,289.40,"28,940.00"
2026-02-27,142,2026022605012151,MBJC,49,21,30,289.40,"8,682.00"
2026-02-27,143,2026022605012043,MCHL,11,14,10,407.70,"4,077.00"
2026-02-27,144,2026022605012316,MEHL,35,28,140,438.00,"61,320.00"
2026-02-27,145,2026022605012266,MEHL,35,45,10,438.00,"4,380.00"
2026-02-27,146,2026022605012368,MEL,21,16,95,279.10,"26,514.50"
2026-02-27,147,2026022605012367,MEL,36,16,40,279.20,"11,168.00"
2026-02-27,148,2026022605012246,MEL,51,28,10,280.00,"2,800.00"
2026-02-27,149,2026022605012245,MEL,45,28,50,280.00,"14,000.00"
2026-02-27,150,2026022605012244,MEL,13,28,16,280.00,"4,480.00"
2026-02-27,151,2026022605012366,MEL,41,16,200,279.30,"55,860.00"
2026-02-27,152,2026022605012365,MEL,55,16,55,279.30,"15,361.50"
2026-02-27,153,2026022605012475,MHCL,53,33,260,350.00,"91,000.00"
2026-02-27,154,2026022605012474,MHCL,53,16,40,350.00,"14,000.00"
2026-02-27,155,2026022605012418,MHCL,26,16,10,350.00,"3,500.00"
2026-02-27,156,2026022605012272,MHCL,21,56,899,346.00,"311,054.00"
2026-02-27,157,2026022605012271,MHCL,4,56,25,346.10,"8,652.50"
2026-02-27,158,2026022605012270,MHCL,58,56,66,346.10,"22,842.60"
2026-02-27,159,2026022605012152,MHCL,55,7,40,348.00,"13,920.00"
2026-02-27,160,2026022605012269,MHCL,38,56,160,346.20,"55,392.00"
2026-02-27,161,2026022605012268,MHCL,36,56,490,347.00,"170,030.00"
2026-02-27,162,2026022605012267,MHCL,55,56,860,348.00,"299,280.00"
2026-02-27,163,2026022605012236,MHCL,53,58,100,350.00,"35,000.00"
2026-02-27,164,2026022605012235,MHCL,53,7,200,350.00,"70,000.00"
2026-02-27,165,2026022605012153,MHCL,55,1,100,348.00,"34,800.00"
2026-02-27,166,2026022605012500,MHL,19,7,10,518.00,"5,180.00"
2026-02-27,167,2026022605012181,MHL,34,57,78,516.00,"40,248.00"
2026-02-27,168,2026022605012180,MHL,45,57,200,516.10,"103,220.00"
2026-02-27,169,2026022605012179,MHL,38,57,22,517.00,"11,374.00"
2026-02-27,170,2026022605012032,MHL,38,17,58,517.00,"29,986.00"
2026-02-27,171,2026022605012303,MKHC,42,8,500,318.00,"159,000.00"
2026-02-27,172,2026022605012458,MKHL,92,54,50,790.00,"39,500.00"
2026-02-27,173,2026022605012457,MKHL,92,38,10,789.00,"7,890.00"
2026-02-27,174,2026022605012456,MKHL,92,38,10,789.00,"7,890.00"
2026-02-27,175,2026022605012455,MKHL,92,38,10,789.00,"7,890.00"
2026-02-27,176,2026022605012454,MKHL,92,38,10,789.00,"7,890.00"
2026-02-27,177,2026022605012453,MKHL,92,38,10,789.00,"7,890.00"
2026-02-27,178,2026022605012446,MKHL,92,38,200,789.00,"157,800.00"
2026-02-27,179,2026022605012445,MKHL,92,38,380,789.00,"299,820.00"
2026-02-27,180,2026022605012444,MKHL,92,50,63,783.40,"49,354.20"
2026-02-27,181,2026022605012452,MKHL,92,38,10,789.00,"7,890.00"
2026-02-27,182,2026022605012451,MKHL,92,38,10,789.00,"7,890.00"
2026-02-27,183,2026022605012450,MKHL,92,38,10,789.00,"7,890.00"
2026-02-27,184,2026022605012449,MKHL,92,38,10,789.00,"7,890.00"
2026-02-27,185,2026022605012448,MKHL,92,38,10,789.00,"7,890.00"
2026-02-27,186,2026022605012447,MKHL,92,38,200,789.00,"157,800.00"
2026-02-27,187,2026022605012335,MKJC,48,62,"1,469",522.00,"766,818.00"
2026-02-27,188,2026022605012334,MKJC,63,62,100,522.00,"52,200.00"
2026-02-27,189,2026022605012333,MKJC,49,62,131,522.10,"68,395.10"
2026-02-27,190,2026022605012302,MKJC,45,57,200,523.00,"104,600.00"
2026-02-27,191,2026022605012256,MKJC,49,62,169,522.10,"88,234.90"
2026-02-27,192,2026022605012255,MKJC,58,62,500,522.50,"261,250.00"
2026-02-27,193,2026022605012254,MKJC,58,62,531,522.60,"277,500.60"
2026-02-27,194,2026022605012253,MKJC,57,62,300,522.70,"156,810.00"
2026-02-27,195,2026022605012176,MMKJL,60,38,100,555.20,"55,520.00"
2026-02-27,196,2026022605012091,MMKJL,60,38,90,555.20,"49,968.00"
2026-02-27,197,2026022605012090,MMKJL,35,38,10,555.30,"5,553.00"
2026-02-27,198,2026022605012428,MSHL,56,82,200,793.00,"158,600.00"
2026-02-27,199,2026022605012380,MSHL,58,58,18,792.00,"14,256.00"
2026-02-27,200,2026022605012211,MSHL,56,82,480,793.00,"380,640.00"
2026-02-27,201,2026022605012483,NIFRA,16,26,70,261.50,"18,305.00"
2026-02-27,202,2026022605012257,NIFRA,58,59,10,262.00,"2,620.00"
2026-02-27,203,2026022605012234,NIFRA,44,80,100,261.10,"26,110.00"
2026-02-27,204,2026022605012468,NRIC,75,19,151,"1,222.00","184,522.00"
2026-02-27,205,2026022605012467,NRIC,80,19,100,"1,222.00","122,200.00"
2026-02-27,206,2026022605012466,NRIC,20,19,394,"1,222.20","481,546.80"
2026-02-27,207,2026022605012465,NRIC,50,19,20,"1,223.00","24,460.00"
2026-02-27,208,2026022605012464,NRIC,32,19,102,"1,223.30","124,776.60"
2026-02-27,209,2026022605012315,NRIC,58,1,50,"1,225.00","61,250.00"
2026-02-27,210,2026022605012265,NRIC,58,1,10,"1,225.00","12,250.00"
2026-02-27,211,2026022605012171,NRIC,36,74,50,"1,227.00","61,350.00"
2026-02-27,212,2026022605012463,NRIC,34,19,50,"1,224.00","61,200.00"
2026-02-27,213,2026022605012462,NRIC,14,19,30,"1,224.00","36,720.00"
2026-02-27,214,2026022605012461,NRIC,92,19,153,"1,224.00","187,272.00"
2026-02-27,215,2026022605012434,NRIC,92,53,20,"1,224.00","24,480.00"
2026-02-27,216,2026022605012433,NRIC,41,53,30,"1,224.20","36,726.00"
2026-02-27,217,2026022605012388,NRIC,49,1,10,"1,225.00","12,250.00"
2026-02-27,218,2026022605012431,NRM,34,48,20,420.00,"8,400.00"
2026-02-27,219,2026022605012248,NRM,39,45,84,418.00,"35,112.00"
2026-02-27,220,2026022605012247,NRM,47,45,366,418.20,"153,061.20"
2026-02-27,221,2026022605012215,NRM,47,35,67,418.20,"28,019.40"
2026-02-27,222,2026022605012214,NRM,85,35,309,418.40,"129,285.60"
2026-02-27,223,2026022605012205,NRM,85,74,161,418.40,"67,362.40"
2026-02-27,224,2026022605012204,NRM,58,74,500,418.50,"209,250.00"
2026-02-27,225,2026022605012203,NRM,18,74,200,419.00,"83,800.00"
2026-02-27,226,2026022605012202,NRM,42,74,139,419.00,"58,241.00"
2026-02-27,227,2026022605012493,NRN,38,21,10,"1,495.00","14,950.00"
2026-02-27,228,2026022605012052,NRN,35,58,40,"1,490.00","59,600.00"
2026-02-27,229,2026022605012051,NRN,42,58,250,"1,490.10","372,525.00"
2026-02-27,230,2026022605012050,NRN,58,58,10,"1,497.50","14,975.00"
2026-02-27,231,2026022605012143,NRN,22,14,19,"1,500.00","28,500.00"
2026-02-27,232,2026022605012142,NRN,22,17,81,"1,500.00","121,500.00"
2026-02-27,233,2026022605012089,NTC,59,25,24,855.00,"20,520.00"
2026-02-27,234,2026022605012088,NTC,58,25,15,855.00,"12,825.00"
2026-02-27,235,2026022605012087,NTC,42,25,100,855.00,"85,500.00"
2026-02-27,236,2026022605012086,NTC,51,25,29,855.00,"24,795.00"
2026-02-27,237,2026022605012022,NYADI,13,34,15,393.10,"5,896.50"
2026-02-27,238,2026022605012415,PHCL,11,74,10,284.00,"2,840.00"
2026-02-27,239,2026022605012353,PHCL,17,74,50,284.00,"14,200.00"
2026-02-27,240,2026022605012301,PHCL,1,74,378,284.00,"107,352.00"
2026-02-27,241,2026022605012300,PHCL,1,34,500,284.00,"142,000.00"
2026-02-27,242,2026022605012299,PHCL,1,44,72,284.00,"20,448.00"
2026-02-27,243,2026022605012298,PHCL,1,39,50,283.90,"14,195.00"
2026-02-27,244,2026022605012107,PHCL,22,52,700,283.00,"198,100.00"
2026-02-27,245,2026022605012092,PHCL,7,44,428,284.00,"121,552.00"
2026-02-27,246,2026022605012075,PHCL,22,58,300,283.00,"84,900.00"
2026-02-27,247,2026022605012166,PHCL,47,44,195,283.00,"55,185.00"
2026-02-27,248,2026022605012158,PHCL,65,44,50,283.00,"14,150.00"
2026-02-27,249,2026022605012148,PHCL,34,44,70,283.00,"19,810.00"
2026-02-27,250,2026022605012145,PHCL,25,44,100,283.00,"28,300.00"
2026-02-27,251,2026022605012111,PHCL,17,44,85,283.00,"24,055.00"
2026-02-27,252,2026022605012108,PHCL,17,52,300,283.00,"84,900.00"
2026-02-27,253,2026022605012498,PPL,70,41,10,380.00,"3,800.00"
2026-02-27,254,2026022605012417,PPL,13,41,10,380.00,"3,800.00"
2026-02-27,255,2026022605012276,PPL,28,64,20,378.00,"7,560.00"
2026-02-27,256,2026022605012275,PPL,42,64,"1,000",378.10,"378,100.00"
2026-02-27,257,2026022605012274,PPL,34,64,100,379.00,"37,900.00"
2026-02-27,258,2026022605012375,RAWA,35,36,10,703.00,"7,030.00"
2026-02-27,259,2026022605012476,RAWA,6,49,10,716.90,"7,169.00"
2026-02-27,260,2026022605012484,RFPL,45,42,10,392.00,"3,920.00"
2026-02-27,261,2026022605012392,RFPL,34,29,80,390.80,"31,264.00"
2026-02-27,262,2026022605012377,RFPL,13,42,"1,800",392.00,"705,600.00"
2026-02-27,263,2026022605012376,RFPL,13,58,200,391.00,"78,200.00"
2026-02-27,264,2026022605012192,RFPL,75,17,250,390.00,"97,500.00"
2026-02-27,265,2026022605012189,RFPL,48,42,385,392.00,"150,920.00"
2026-02-27,266,2026022605012182,RFPL,48,21,285,390.80,"111,378.00"
2026-02-27,267,2026022605012070,RFPL,57,21,80,390.80,"31,264.00"
2026-02-27,268,2026022605012037,RFPL,75,4,60,390.00,"23,400.00"
2026-02-27,269,2026022605012188,RFPL,48,32,70,392.00,"27,440.00"
2026-02-27,270,2026022605012187,RFPL,48,90,100,392.00,"39,200.00"
2026-02-27,271,2026022605012186,RFPL,48,58,10,391.00,"3,910.00"
2026-02-27,272,2026022605012185,RFPL,48,99,10,391.00,"3,910.00"
2026-02-27,273,2026022605012184,RFPL,48,58,40,391.00,"15,640.00"
2026-02-27,274,2026022605012183,RFPL,48,14,100,391.00,"39,100.00"
2026-02-27,275,2026022605012487,RHGCL,34,39,"1,000",267.00,"267,000.00"
2026-02-27,276,2026022605012486,RHGCL,38,39,"1,000",267.10,"267,100.00"
2026-02-27,277,2026022605012443,RHGCL,34,61,890,267.00,"237,630.00"
2026-02-27,278,2026022605012442,RHGCL,6,61,100,267.00,"26,700.00"
2026-02-27,279,2026022605012441,RHGCL,47,61,100,267.00,"26,700.00"
2026-02-27,280,2026022605012440,RHGCL,35,61,500,267.00,"133,500.00"
2026-02-27,281,2026022605012439,RHGCL,29,61,500,267.10,"133,550.00"
2026-02-27,282,2026022605012438,RHGCL,58,61,110,267.10,"29,381.00"
2026-02-27,283,2026022605012437,RHGCL,32,61,200,267.20,"53,440.00"
2026-02-27,284,2026022605012436,RHGCL,13,61,100,267.30,"26,730.00"
2026-02-27,285,2026022605012435,RHGCL,56,61,500,267.50,"133,750.00"
2026-02-27,286,2026022605012209,RMF1,58,58,500,9.62,"4,810.00"
2026-02-27,287,2026022605012516,RNLI,49,44,199,468.90,"93,311.10"
2026-02-27,288,2026022605012515,RNLI,49,33,50,468.80,"23,440.00"
2026-02-27,289,2026022605012514,RNLI,49,36,249,468.80,"116,731.20"
2026-02-27,290,2026022605012513,RNLI,49,44,200,468.70,"93,740.00"
2026-02-27,291,2026022605012512,RNLI,49,49,100,468.60,"46,860.00"
2026-02-27,292,2026022605012511,RNLI,49,59,24,468.60,"11,246.40"
2026-02-27,293,2026022605012024,RNLI,13,35,14,466.00,"6,524.00"
2026-02-27,294,2026022605012023,RNLI,13,56,36,466.00,"16,776.00"
2026-02-27,295,2026022605012144,RNLI,49,59,12,465.10,"5,581.20"
2026-02-27,296,2026022605012102,RNLI,49,32,25,465.10,"11,627.50"
2026-02-27,297,2026022605012082,RNLI,49,14,190,465.10,"88,369.00"
2026-02-27,298,2026022605012400,RNLI,49,22,12,465.10,"5,581.20"
2026-02-27,299,2026022605012309,RNLI,38,35,30,466.00,"13,980.00"
2026-02-27,300,2026022605012252,RNLI,49,41,700,465.10,"325,570.00"
2026-02-27,301,2026022605012504,RNLI,49,46,138,467.00,"64,446.00"
2026-02-27,302,2026022605012503,RNLI,49,92,300,466.90,"140,070.00"
2026-02-27,303,2026022605012502,RNLI,49,46,84,466.00,"39,144.00"
2026-02-27,304,2026022605012501,RNLI,49,35,156,466.00,"72,696.00"
2026-02-27,305,2026022605012510,RNLI,49,59,150,468.50,"70,275.00"
2026-02-27,306,2026022605012509,RNLI,49,36,110,468.10,"51,491.00"
2026-02-27,307,2026022605012508,RNLI,49,45,12,468.00,"5,616.00"
2026-02-27,308,2026022605012507,RNLI,49,68,50,468.00,"23,400.00"
2026-02-27,309,2026022605012506,RNLI,49,49,128,468.00,"59,904.00"
2026-02-27,310,2026022605012505,RNLI,49,49,50,467.00,"23,350.00"
2026-02-27,311,2026022605012497,SAHAS,33,57,70,566.00,"39,620.00"
2026-02-27,312,2026022605012332,SAHAS,56,57,30,566.00,"16,980.00"
2026-02-27,313,2026022605012312,SAHAS,56,74,10,566.00,"5,660.00"
2026-02-27,314,2026022605012311,SAHAS,56,41,150,566.00,"84,900.00"
2026-02-27,315,2026022605012310,SAHAS,56,74,10,565.30,"5,653.00"
2026-02-27,316,2026022605012250,SAHAS,22,19,182,565.20,"102,866.40"
2026-02-27,317,2026022605012058,SAHAS,35,57,13,566.00,"7,358.00"
2026-02-27,318,2026022605012162,SAHAS,56,41,50,566.00,"28,300.00"
2026-02-27,319,2026022605012150,SAHAS,22,43,61,565.20,"34,477.20"
2026-02-27,320,2026022605012104,SAHAS,22,34,288,565.20,"162,777.60"
2026-02-27,321,2026022605012103,SAHAS,53,34,243,565.30,"137,367.90"
2026-02-27,322,2026022605012060,SAHAS,35,16,185,566.70,"104,839.50"
2026-02-27,323,2026022605012059,SAHAS,35,44,300,566.70,"170,010.00"
2026-02-27,324,2026022605012459,SANVI,16,90,20,815.00,"16,300.00"
2026-02-27,325,2026022605012414,SANVI,14,90,10,815.00,"8,150.00"
2026-02-27,326,2026022605012399,SANVI,45,90,100,815.00,"81,500.00"
2026-02-27,327,2026022605012398,SANVI,45,67,100,815.00,"81,500.00"
2026-02-27,328,2026022605012397,SANVI,45,58,10,814.90,"8,149.00"
2026-02-27,329,2026022605012396,SANVI,45,62,190,814.90,"154,831.00"
2026-02-27,330,2026022605012118,SANVI,45,29,10,810.00,"8,100.00"
2026-02-27,331,2026022605012117,SANVI,45,49,445,810.00,"360,450.00"
2026-02-27,332,2026022605012105,SANVI,45,49,10,810.00,"8,100.00"
2026-02-27,333,2026022605012083,SANVI,45,58,10,804.00,"8,040.00"
2026-02-27,334,2026022605012036,SANVI,101,49,300,810.00,"243,000.00"
2026-02-27,335,2026022605012035,SANVI,101,33,200,809.00,"161,800.00"
2026-02-27,336,2026022605012395,SANVI,45,4,100,812.00,"81,200.00"
2026-02-27,337,2026022605012323,SANVI,21,42,10,805.00,"8,050.00"
2026-02-27,338,2026022605012291,SANVI,42,51,10,811.00,"8,110.00"
2026-02-27,339,2026022605012258,SANVI,45,48,"1,000",810.00,"810,000.00"
2026-02-27,340,2026022605012120,SANVI,45,48,30,811.00,"24,330.00"
2026-02-27,341,2026022605012119,SANVI,45,58,10,810.00,"8,100.00"
2026-02-27,342,2026022605012213,SFEF,58,49,277,9.79,"2,711.83"
2026-02-27,343,2026022605012492,SGHC,71,54,10,399.70,"3,997.00"
2026-02-27,344,2026022605012427,SGHC,16,21,461,393.00,"181,173.00"
2026-02-27,345,2026022605012426,SGHC,16,21,520,394.00,"204,880.00"
2026-02-27,346,2026022605012425,SGHC,45,21,760,394.00,"299,440.00"
2026-02-27,347,2026022605012352,SGHC,71,54,30,399.70,"11,991.00"
2026-02-27,348,2026022605012351,SGHC,71,6,50,399.00,"19,950.00"
2026-02-27,349,2026022605012065,SGHC,16,99,480,393.10,"188,688.00"
2026-02-27,350,2026022605012064,SGHC,22,99,100,393.30,"39,330.00"
2026-02-27,351,2026022605012063,SGHC,80,99,100,393.40,"39,340.00"
2026-02-27,352,2026022605012062,SGHC,58,99,20,393.50,"7,870.00"
2026-02-27,353,2026022605012350,SGHC,71,58,30,399.00,"11,970.00"
2026-02-27,354,2026022605012349,SGHC,71,57,60,398.00,"23,880.00"
2026-02-27,355,2026022605012348,SGHC,71,59,10,397.00,"3,970.00"
2026-02-27,356,2026022605012347,SGHC,71,47,70,397.00,"27,790.00"
2026-02-27,357,2026022605012163,SGHC,45,45,100,394.00,"39,400.00"
2026-02-27,358,2026022605012116,SGHC,45,75,140,394.00,"55,160.00"
2026-02-27,359,2026022605012424,SHIVM,48,44,450,617.00,"277,650.00"
2026-02-27,360,2026022605012423,SHIVM,48,52,51,617.00,"31,467.00"
2026-02-27,361,2026022605012422,SHIVM,48,17,25,617.00,"15,425.00"
2026-02-27,362,2026022605012421,SHIVM,48,56,13,616.90,"8,019.70"
2026-02-27,363,2026022605012420,SHIVM,48,45,61,616.50,"37,606.50"
2026-02-27,364,2026022605012404,SHIVM,49,50,293,616.30,"180,575.90"
2026-02-27,365,2026022605012027,SHIVM,100,17,83,616.40,"51,161.20"
2026-02-27,366,2026022605012026,SHIVM,38,17,217,616.40,"133,758.80"
2026-02-27,367,2026022605012076,SHIVM,49,48,"1,065",616.30,"656,359.50"
2026-02-27,368,2026022605012068,SHIVM,58,63,164,616.40,"101,089.60"
2026-02-27,369,2026022605012039,SHIVM,100,63,150,616.40,"92,460.00"
2026-02-27,370,2026022605012038,SHIVM,38,63,155,616.40,"95,542.00"
2026-02-27,371,2026022605012031,SHIVM,38,65,345,616.40,"212,658.00"
2026-02-27,372,2026022605012030,SHIVM,100,65,167,616.40,"102,938.80"
2026-02-27,373,2026022605012293,SHIVM,66,48,187,616.90,"115,360.30"
2026-02-27,374,2026022605012292,SHIVM,66,48,13,616.60,"8,015.80"
2026-02-27,375,2026022605012114,SHIVM,58,48,87,616.60,"53,644.20"
2026-02-27,376,2026022605012113,SHIVM,58,38,13,616.60,"8,015.80"
2026-02-27,377,2026022605012100,SHIVM,5,38,19,616.60,"11,715.40"
2026-02-27,378,2026022605012099,SHIVM,5,63,31,616.40,"19,108.40"
2026-02-27,379,2026022605012403,SHIVM,25,50,300,616.40,"184,920.00"
2026-02-27,380,2026022605012402,SHIVM,45,50,32,616.40,"19,724.80"
2026-02-27,381,2026022605012401,SHIVM,54,50,25,616.50,"15,412.50"
2026-02-27,382,2026022605012391,SHIVM,45,56,87,616.90,"53,670.30"
2026-02-27,383,2026022605012390,SHIVM,45,48,113,616.90,"69,709.70"
2026-02-27,384,2026022605012369,SHIVM,54,48,25,616.50,"15,412.50"
2026-02-27,385,2026022605012477,SIKLES,48,19,20,600.30,"12,006.00"
2026-02-27,386,2026022605012048,SIKLES,48,35,242,600.30,"145,272.60"
2026-02-27,387,2026022605012047,SIKLES,25,35,51,601.00,"30,651.00"
2026-02-27,388,2026022605012046,SIKLES,14,35,207,601.00,"124,407.00"
2026-02-27,389,2026022605012207,SMATA,62,17,25,784.90,"19,622.50"
2026-02-27,390,2026022605012206,SMATA,62,32,25,784.80,"19,620.00"
2026-02-27,391,2026022605012226,SMH,5,29,50,625.00,"31,250.00"
2026-02-27,392,2026022605012225,SMH,90,29,100,625.00,"62,500.00"
2026-02-27,393,2026022605012224,SMH,10,29,20,625.10,"12,502.00"
2026-02-27,394,2026022605012223,SMH,52,29,"1,000",625.20,"625,200.00"
2026-02-27,395,2026022605012222,SMH,58,29,10,625.30,"6,253.00"
2026-02-27,396,2026022605012221,SMH,3,29,41,625.30,"25,637.30"
2026-02-27,397,2026022605012220,SMH,45,29,150,625.40,"93,810.00"
2026-02-27,398,2026022605012219,SMH,13,29,20,625.40,"12,508.00"
2026-02-27,399,2026022605012218,SMH,42,29,185,626.00,"115,810.00"
2026-02-27,400,2026022605012217,SMH,42,29,550,627.00,"344,850.00"
2026-02-27,401,2026022605012216,SMH,45,29,10,628.00,"6,280.00"
2026-02-27,402,2026022605012491,SMHL,42,53,70,461.50,"32,305.00"
2026-02-27,403,2026022605012490,SMHL,68,53,90,461.50,"41,535.00"
2026-02-27,404,2026022605012489,SMHL,39,53,391,461.50,"180,446.50"
2026-02-27,405,2026022605012419,SMHL,45,57,18,463.00,"8,334.00"
2026-02-27,406,2026022605012343,SMHL,39,45,609,461.50,"281,053.50"
2026-02-27,407,2026022605012342,SMHL,34,45,500,461.60,"230,800.00"
2026-02-27,408,2026022605012147,SMHL,39,40,450,463.00,"208,350.00"
2026-02-27,409,2026022605012146,SMHL,39,6,376,463.00,"174,088.00"
2026-02-27,410,2026022605012084,SMHL,34,6,500,463.00,"231,500.00"
2026-02-27,411,2026022605012061,SMHL,32,29,50,462.00,"23,100.00"
2026-02-27,412,2026022605012017,SMHL,45,6,50,463.00,"23,150.00"
2026-02-27,413,2026022605012341,SMHL,64,45,300,461.60,"138,480.00"
2026-02-27,414,2026022605012340,SMHL,49,45,99,462.00,"45,738.00"
2026-02-27,415,2026022605012339,SMHL,42,45,30,462.00,"13,860.00"
2026-02-27,416,2026022605012338,SMHL,58,45,425,462.00,"196,350.00"
2026-02-27,417,2026022605012337,SMHL,32,45,37,462.00,"17,094.00"
2026-02-27,418,2026022605012297,SMHL,39,57,174,463.00,"80,562.00"
2026-02-27,419,2026022605012478,SMJC,62,58,10,475.00,"4,750.00"
2026-02-27,420,2026022605012123,SMJC,57,58,10,475.00,"4,750.00"
2026-02-27,421,2026022605012019,SMJC,57,59,10,474.90,"4,749.00"
2026-02-27,422,2026022605012488,SONA,56,14,12,425.90,"5,110.80"
2026-02-27,423,2026022605012379,SONA,56,40,38,425.90,"16,184.20"
2026-02-27,424,2026022605012378,SONA,56,26,100,425.50,"42,550.00"
2026-02-27,425,2026022605012305,SONA,37,28,10,425.00,"4,250.00"
2026-02-27,426,2026022605012229,SONA,37,41,30,425.00,"12,750.00"
2026-02-27,427,2026022605012170,SONA,37,42,10,425.00,"4,250.00"
2026-02-27,428,2026022605012112,SONA,37,49,50,425.00,"21,250.00"
2026-02-27,429,2026022605012049,SONA,37,56,60,425.00,"25,500.00"
2026-02-27,430,2026022605012018,SONA,37,41,100,425.00,"42,500.00"
2026-02-27,431,2026022605012231,SPC,41,34,90,493.90,"44,451.00"
2026-02-27,432,2026022605012069,SPC,67,34,11,493.90,"5,432.90"
2026-02-27,433,2026022605012405,SPHL,58,47,39,534.50,"20,845.50"
2026-02-27,434,2026022605012212,SPHL,92,47,25,534.50,"13,362.50"
2026-02-27,435,2026022605012025,SPHL,92,47,10,534.50,"5,345.00"
2026-02-27,436,2026022605012479,STC,39,43,10,"5,954.00","59,540.00"
2026-02-27,437,2026022605012345,STC,54,43,35,"5,948.00","208,180.00"
2026-02-27,438,2026022605012344,STC,54,57,20,"5,940.00","118,800.00"
2026-02-27,439,2026022605012326,STC,16,39,10,"5,911.00","59,110.00"
2026-02-27,440,2026022605012208,STC,16,36,31,"5,910.00","183,210.00"
2026-02-27,441,2026022605012165,STC,39,36,19,"5,910.00","112,290.00"
2026-02-27,442,2026022605012056,STC,13,43,10,"5,948.00","59,480.00"
2026-02-27,443,2026022605012055,STC,13,26,10,"5,947.90","59,479.00"
2026-02-27,444,2026022605012494,TPC,1,49,10,384.00,"3,840.00"
2026-02-27,445,2026022605012485,TPC,48,49,10,384.00,"3,840.00"
2026-02-27,446,2026022605012361,TPC,43,83,192,382.00,"73,344.00"
2026-02-27,447,2026022605012360,TPC,43,83,400,382.00,"152,800.00"
2026-02-27,448,2026022605012359,TPC,39,83,"4,125",382.00,"1,575,750.00"
2026-02-27,449,2026022605012358,TPC,49,83,50,382.50,"19,125.00"
2026-02-27,450,2026022605012096,TPC,44,88,"1,100",382.10,"420,310.00"
2026-02-27,451,2026022605012095,TPC,74,88,145,382.10,"55,404.50"
2026-02-27,452,2026022605012094,TPC,59,88,100,382.20,"38,220.00"
2026-02-27,453,2026022605012093,TPC,45,88,100,382.70,"38,270.00"
2026-02-27,454,2026022605012193,TPC,32,52,170,383.00,"65,110.00"
2026-02-27,455,2026022605012098,TPC,39,88,875,382.00,"334,250.00"
2026-02-27,456,2026022605012097,TPC,48,88,200,382.00,"76,400.00"
2026-02-27,457,2026022605012357,TPC,36,83,203,383.00,"77,749.00"
2026-02-27,458,2026022605012356,TPC,32,83,30,383.00,"11,490.00"
2026-02-27,459,2026022605012355,TPC,33,49,10,384.00,"3,840.00"
2026-02-27,460,2026022605012473,TVCL,58,34,10,645.00,"6,450.00"
2026-02-27,461,2026022605012290,TVCL,101,35,374,648.90,"242,688.60"
2026-02-27,462,2026022605012289,TVCL,101,22,20,648.80,"12,976.00"
2026-02-27,463,2026022605012288,TVCL,101,57,100,648.50,"64,850.00"
2026-02-27,464,2026022605012287,TVCL,101,56,97,648.00,"62,856.00"
2026-02-27,465,2026022605012286,TVCL,101,88,100,648.00,"64,800.00"
2026-02-27,466,2026022605012279,TVCL,101,17,20,645.00,"12,900.00"
2026-02-27,467,2026022605012278,TVCL,101,7,20,645.00,"12,900.00"
2026-02-27,468,2026022605012277,TVCL,101,62,59,644.90,"38,049.10"
2026-02-27,469,2026022605012249,TVCL,52,34,500,638.00,"319,000.00"
2026-02-27,470,2026022605012285,TVCL,101,96,480,648.00,"311,040.00"
2026-02-27,471,2026022605012284,TVCL,101,52,190,647.00,"122,930.00"
2026-02-27,472,2026022605012283,TVCL,101,25,20,646.00,"12,920.00"
2026-02-27,473,2026022605012282,TVCL,101,25,20,646.00,"12,920.00"
2026-02-27,474,2026022605012281,TVCL,101,38,500,645.00,"322,500.00"
2026-02-27,475,2026022605012280,TVCL,101,34,"1,000",645.00,"645,000.00"
2026-02-27,476,2026022605012413,UHEWA,14,42,15,562.00,"8,430.00"
2026-02-27,477,2026022605012412,UHEWA,14,42,50,561.90,"28,095.00"
2026-02-27,478,2026022605012411,UHEWA,14,44,200,561.80,"112,360.00"
2026-02-27,479,2026022605012410,UHEWA,14,51,25,560.60,"14,015.00"
2026-02-27,480,2026022605012409,UHEWA,14,65,10,560.00,"5,600.00"
2026-02-27,481,2026022605012408,UHEWA,14,74,100,560.00,"56,000.00"
2026-02-27,482,2026022605012407,UHEWA,14,21,10,560.00,"5,600.00"
2026-02-27,483,2026022605012406,UHEWA,14,48,200,560.00,"112,000.00"
2026-02-27,484,2026022605012304,UHEWA,44,13,260,557.00,"144,820.00"
2026-02-27,485,2026022605012394,ULHC,58,45,166,558.00,"92,628.00"
2026-02-27,486,2026022605012393,ULHC,58,45,10,557.80,"5,578.00"
2026-02-27,487,2026022605012381,ULHC,37,45,30,557.80,"16,734.00"
2026-02-27,488,2026022605012336,ULHC,37,42,110,557.80,"61,358.00"
2026-02-27,489,2026022605012322,ULHC,58,58,240,557.00,"133,680.00"
2026-02-27,490,2026022605012321,ULHC,49,58,40,557.80,"22,312.00"
2026-02-27,491,2026022605012320,ULHC,6,58,20,557.80,"11,156.00"
2026-02-27,492,2026022605012178,ULHC,6,48,150,557.80,"83,670.00"
2026-02-27,493,2026022605012121,ULHC,58,49,200,557.00,"111,400.00"
2026-02-27,494,2026022605012109,ULHC,58,57,252,557.00,"140,364.00"
2026-02-27,495,2026022605012066,ULHC,58,57,7,561.80,"3,932.60"
2026-02-27,496,2026022605012482,USHEC,29,40,100,467.60,"46,760.00"
2026-02-27,497,2026022605012327,USHEC,39,26,100,468.00,"46,800.00"
2026-02-27,498,2026022605012029,USHEC,70,52,185,469.00,"86,765.00"
2026-02-27,499,2026022605012028,USHEC,39,52,10,469.10,"4,691.00"
2026-02-27,500,2026022605012430,USHL,34,16,10,714.00,"7,140.00"
2026-02-27,501,2026022605011963,AHL,58,58,20,493.00,"9,860.00"
2026-02-27,502,2026022605011962,AHL,42,58,20,493.10,"9,862.00"
2026-02-27,503,2026022605011959,AHL,42,91,40,493.10,"19,724.00"
2026-02-27,504,2026022605011924,AHL,45,49,3,489.00,"1,467.00"
2026-02-27,505,2026022605011670,AHL,58,7,100,493.00,"49,300.00"
2026-02-27,506,2026022605011597,AHL,58,50,30,494.00,"14,820.00"
2026-02-27,507,2026022605011619,BBC,57,75,10,"4,655.00","46,550.00"
2026-02-27,508,2026022605011871,BHDC,43,48,261,470.00,"122,670.00"
2026-02-27,509,2026022605011870,BHDC,43,19,39,470.00,"18,330.00"
2026-02-27,510,2026022605011708,BHDC,26,19,100,470.00,"47,000.00"
2026-02-27,511,2026022605011876,BHL,45,67,250,198.00,"49,500.00"
2026-02-27,512,2026022605011935,BHPL,42,59,25,550.00,"13,750.00"
2026-02-27,513,2026022605011934,BHPL,57,59,100,550.00,"55,000.00"
2026-02-27,514,2026022605012016,BNHC,42,48,51,333.00,"16,983.00"
2026-02-27,515,2026022605011966,BNHC,54,48,100,333.00,"33,300.00"
2026-02-27,516,2026022605011897,BNHC,40,14,10,332.90,"3,329.00"
2026-02-27,517,2026022605011669,BNHC,22,48,80,333.00,"26,640.00"
2026-02-27,518,2026022605011655,BNHC,58,48,10,333.00,"3,330.00"
2026-02-27,519,2026022605011654,BNHC,57,48,500,333.00,"166,500.00"
2026-02-27,520,2026022605011630,BNHC,58,42,14,333.00,"4,662.00"
2026-02-27,521,2026022605011629,BNHC,42,42,200,333.00,"66,600.00"
2026-02-27,522,2026022605011628,BNHC,96,42,12,333.00,"3,996.00"
2026-02-27,523,2026022605011562,BNHC,58,36,10,333.10,"3,331.00"
2026-02-27,524,2026022605011541,BNHC,96,34,100,333.00,"33,300.00"
2026-02-27,525,2026022605011994,CHDC,100,14,12,"2,488.10","29,857.20"
2026-02-27,526,2026022605011911,CHDC,45,56,27,"2,488.00","67,176.00"
2026-02-27,527,2026022605011910,CHDC,32,56,50,"2,488.20","124,410.00"
2026-02-27,528,2026022605011838,CHDC,45,13,125,"2,488.00","311,000.00"
2026-02-27,529,2026022605011837,CHDC,17,13,100,"2,488.00","248,800.00"
2026-02-27,530,2026022605011836,CHDC,45,13,100,"2,488.10","248,810.00"
2026-02-27,531,2026022605011835,CHDC,100,13,50,"2,488.20","124,410.00"
2026-02-27,532,2026022605011834,CHDC,58,13,50,"2,489.00","124,450.00"
2026-02-27,533,2026022605011833,CHDC,58,13,10,"2,490.00","24,900.00"
2026-02-27,534,2026022605011832,CHDC,17,13,20,"2,490.00","49,800.00"
2026-02-27,535,2026022605011831,CHDC,47,13,33,"2,490.00","82,170.00"
2026-02-27,536,2026022605011830,CHDC,42,13,12,"2,491.00","29,892.00"
2026-02-27,537,2026022605011950,CIT,42,34,66,"1,769.70","116,800.20"
2026-02-27,538,2026022605011919,CIT,19,34,15,"1,769.70","26,545.50"
2026-02-27,539,2026022605011901,CIT,55,45,280,"1,767.00","494,760.00"
2026-02-27,540,2026022605011813,CIT,42,18,66,"1,768.00","116,688.00"
2026-02-27,541,2026022605011954,DOLTI,16,42,50,508.00,"25,400.00"
2026-02-27,542,2026022605011874,DOLTI,4,34,30,509.00,"15,270.00"
2026-02-27,543,2026022605011873,DOLTI,4,53,20,509.00,"10,180.00"
2026-02-27,544,2026022605011955,DORDI,19,14,"1,000",275.00,"275,000.00"
2026-02-27,545,2026022605011929,DORDI,19,45,275,275.00,"75,625.00"
2026-02-27,546,2026022605011928,DORDI,45,45,725,275.00,"199,375.00"
2026-02-27,547,2026022605011881,DORDI,45,6,44,275.00,"12,100.00"
2026-02-27,548,2026022605011880,DORDI,34,35,250,275.10,"68,775.00"
2026-02-27,549,2026022605011869,DORDI,45,46,231,275.00,"63,525.00"
2026-02-27,550,2026022605011713,DORDI,49,35,30,275.10,"8,253.00"
2026-02-27,551,2026022605011712,DORDI,69,35,80,275.10,"22,008.00"
2026-02-27,552,2026022605011565,DORDI,69,97,400,275.10,"110,040.00"
2026-02-27,553,2026022605011868,DORDI,45,46,369,275.00,"101,475.00"
2026-02-27,554,2026022605011851,DORDI,45,94,500,275.00,"137,500.00"
2026-02-27,555,2026022605011849,DORDI,45,6,131,275.00,"36,025.00"
2026-02-27,556,2026022605011739,DORDI,45,43,500,275.00,"137,500.00"
2026-02-27,557,2026022605011734,DORDI,45,32,500,275.00,"137,500.00"
2026-02-27,558,2026022605011733,DORDI,7,32,500,275.00,"137,500.00"
2026-02-27,559,2026022605011997,EHPL,13,47,300,410.00,"123,000.00"
2026-02-27,560,2026022605011878,EHPL,49,47,100,410.00,"41,000.00"
2026-02-27,561,2026022605011766,EHPL,20,64,115,408.00,"46,920.00"
2026-02-27,562,2026022605011765,EHPL,26,64,150,409.00,"61,350.00"
2026-02-27,563,2026022605011622,EHPL,26,34,50,409.00,"20,450.00"
2026-02-27,564,2026022605011621,EHPL,34,34,50,409.80,"20,490.00"
2026-02-27,565,2026022605011595,EHPL,49,47,600,410.00,"246,000.00"
2026-02-27,566,2026022605011594,EHPL,49,50,300,410.00,"123,000.00"
2026-02-27,567,2026022605011608,ENL,34,57,100,905.00,"90,500.00"
2026-02-27,568,2026022605011918,GCIL,34,35,791,415.00,"328,265.00"
2026-02-27,569,2026022605011917,GCIL,34,49,57,415.00,"23,655.00"
2026-02-27,570,2026022605011916,GCIL,34,34,100,414.90,"41,490.00"
2026-02-27,571,2026022605011915,GCIL,34,49,11,414.00,"4,554.00"
2026-02-27,572,2026022605011535,GCIL,45,42,15,412.50,"6,187.50"
2026-02-27,573,2026022605011683,GCIL,59,26,665,413.00,"274,645.00"
2026-02-27,574,2026022605011682,GCIL,59,45,11,412.80,"4,540.80"
2026-02-27,575,2026022605011681,GCIL,59,68,289,412.80,"119,299.20"
2026-02-27,576,2026022605011680,GCIL,59,42,35,412.50,"14,437.50"
2026-02-27,577,2026022605011770,GCIL,57,26,40,413.00,"16,520.00"
2026-02-27,578,2026022605011914,GCIL,34,14,11,414.00,"4,554.00"
2026-02-27,579,2026022605011913,GCIL,34,34,45,414.00,"18,630.00"
2026-02-27,580,2026022605011912,GCIL,34,26,185,413.00,"76,405.00"
2026-02-27,581,2026022605011806,GVL,41,28,250,484.20,"121,050.00"
2026-02-27,582,2026022605011551,GVL,41,95,247,484.20,"119,597.40"
2026-02-27,583,2026022605011550,GVL,17,95,20,484.30,"9,686.00"
2026-02-27,584,2026022605011549,GVL,55,95,93,484.30,"45,039.90"
2026-02-27,585,2026022605011583,HATHY,14,42,14,891.30,"12,478.20"
2026-02-27,586,2026022605011582,HATHY,57,42,10,891.40,"8,914.00"
2026-02-27,587,2026022605012015,HDL,25,48,50,"1,141.40","57,070.00"
2026-02-27,588,2026022605011996,HDL,66,58,14,"1,141.30","15,978.20"
2026-02-27,589,2026022605011546,HDL,66,44,130,"1,142.00","148,460.00"
2026-02-27,590,2026022605011536,HDL,44,35,91,"1,141.40","103,867.40"
2026-02-27,591,2026022605011653,HDL,36,8,10,"1,142.00","11,420.00"
2026-02-27,592,2026022605011618,HDL,39,78,119,"1,142.00","135,898.00"
2026-02-27,593,2026022605011617,HDL,39,54,50,"1,142.00","57,100.00"
2026-02-27,594,2026022605011616,HDL,39,44,30,"1,142.00","34,260.00"
2026-02-27,595,2026022605011714,HDL,57,14,100,"1,141.90","114,190.00"
2026-02-27,596,2026022605011686,HDL,44,7,35,"1,141.40","39,949.00"
2026-02-27,597,2026022605011863,HDL,66,50,24,"1,141.30","27,391.20"
2026-02-27,598,2026022605011862,HDL,44,50,76,"1,141.40","86,746.40"
2026-02-27,599,2026022605011857,HDL,5,14,100,"1,141.90","114,190.00"
2026-02-27,600,2026022605011850,HDL,44,59,80,"1,141.40","91,312.00"
2026-02-27,601,2026022605011933,HHL,42,49,100,335.90,"33,590.00"
2026-02-27,602,2026022605011692,HHL,17,53,410,335.20,"137,432.00"
2026-02-27,603,2026022605011691,HHL,96,53,10,335.30,"3,353.00"
2026-02-27,604,2026022605011690,HHL,3,53,80,335.30,"26,824.00"
2026-02-27,605,2026022605011584,HHL,3,38,420,335.30,"140,826.00"
2026-02-27,606,2026022605012008,HIDCL,25,44,300,261.00,"78,300.00"
2026-02-27,607,2026022605012007,HIDCL,25,42,82,261.00,"21,402.00"
2026-02-27,608,2026022605011904,HIDCL,6,45,200,260.10,"52,020.00"
2026-02-27,609,2026022605011718,HIDCL,59,42,20,261.00,"5,220.00"
2026-02-27,610,2026022605011685,HIDCL,58,58,593,260.00,"154,180.00"
2026-02-27,611,2026022605011593,HIDCL,58,17,200,260.00,"52,000.00"
2026-02-27,612,2026022605011564,HIDCL,58,92,400,260.00,"104,000.00"
2026-02-27,613,2026022605011563,HIDCL,74,92,"1,000",260.10,"260,100.00"
2026-02-27,614,2026022605011998,HRL,58,51,20,838.90,"16,778.00"
2026-02-27,615,2026022605011972,HRL,42,51,10,838.90,"8,389.00"
2026-02-27,616,2026022605011948,HRL,44,34,17,838.00,"14,246.00"
2026-02-27,617,2026022605011947,HRL,40,34,111,838.00,"93,018.00"
2026-02-27,618,2026022605011946,HRL,34,34,19,838.00,"15,922.00"
2026-02-27,619,2026022605011945,HRL,81,34,"1,000",838.10,"838,100.00"
2026-02-27,620,2026022605011530,HRL,13,39,50,840.00,"42,000.00"
2026-02-27,621,2026022605011529,HRL,34,39,105,840.10,"88,210.50"
2026-02-27,622,2026022605011528,HRL,42,39,12,840.20,"10,082.40"
2026-02-27,623,2026022605011527,HRL,35,39,100,840.50,"84,050.00"
2026-02-27,624,2026022605011526,HRL,38,39,10,840.50,"8,405.00"
2026-02-27,625,2026022605011525,HRL,41,39,30,840.50,"25,215.00"
2026-02-27,626,2026022605011569,HRL,22,54,100,840.00,"84,000.00"
2026-02-27,627,2026022605011568,HRL,21,54,57,840.00,"47,880.00"
2026-02-27,628,2026022605011534,HRL,21,39,23,840.00,"19,320.00"
2026-02-27,629,2026022605011533,HRL,90,39,500,840.00,"420,000.00"
2026-02-27,630,2026022605011532,HRL,58,39,100,840.00,"84,000.00"
2026-02-27,631,2026022605011531,HRL,38,39,70,840.00,"58,800.00"
2026-02-27,632,2026022605011575,HRL,7,54,"1,000",839.40,"839,400.00"
2026-02-27,633,2026022605011574,HRL,57,54,20,839.50,"16,790.00"
2026-02-27,634,2026022605011573,HRL,81,54,"1,000",839.50,"839,500.00"
2026-02-27,635,2026022605011572,HRL,58,54,100,840.00,"84,000.00"
2026-02-27,636,2026022605011571,HRL,18,54,10,840.00,"8,400.00"
2026-02-27,637,2026022605011570,HRL,18,54,15,840.00,"12,600.00"
2026-02-27,638,2026022605011581,HRL,26,54,691,839.00,"579,749.00"
2026-02-27,639,2026022605011580,HRL,56,54,238,839.00,"199,682.00"
2026-02-27,640,2026022605011579,HRL,35,54,69,839.00,"57,891.00"
2026-02-27,641,2026022605011578,HRL,21,54,200,839.20,"167,840.00"
2026-02-27,642,2026022605011577,HRL,49,54,"1,000",839.20,"839,200.00"
2026-02-27,643,2026022605011576,HRL,81,54,500,839.30,"419,650.00"
2026-02-27,644,2026022605011801,HRL,57,95,575,839.00,"482,425.00"
2026-02-27,645,2026022605011800,HRL,26,95,409,839.00,"343,151.00"
2026-02-27,646,2026022605011661,HRL,62,34,10,840.90,"8,409.00"
2026-02-27,647,2026022605011642,HRL,62,38,21,840.00,"17,640.00"
2026-02-27,648,2026022605011634,HRL,26,32,"1,200",839.00,"1,006,800.00"
2026-02-27,649,2026022605011819,HRL,1,95,500,839.00,"419,500.00"
2026-02-27,650,2026022605011803,HRL,17,95,100,839.00,"83,900.00"
2026-02-27,651,2026022605011802,HRL,46,95,256,839.00,"214,784.00"
2026-02-27,652,2026022605011944,HRL,81,34,410,838.10,"343,621.00"
2026-02-27,653,2026022605011943,HRL,11,34,200,838.20,"167,640.00"
2026-02-27,654,2026022605011942,HRL,32,34,133,838.20,"111,480.60"
2026-02-27,655,2026022605011941,HRL,49,34,10,838.30,"8,383.00"
2026-02-27,656,2026022605011925,HRL,13,38,100,838.40,"83,840.00"
2026-02-27,657,2026022605011731,IHL,91,26,40,508.00,"20,320.00"
2026-02-27,658,2026022605012014,ILI,57,8,32,442.60,"14,163.20"
2026-02-27,659,2026022605011952,ILI,57,74,50,442.60,"22,130.00"
2026-02-27,660,2026022605011951,ILI,57,36,200,442.60,"88,520.00"
2026-02-27,661,2026022605011854,ILI,57,38,12,442.00,"5,304.00"
2026-02-27,662,2026022605011769,ILI,26,49,1,440.00,440.00
2026-02-27,663,2026022605011722,ILI,57,58,12,442.00,"5,304.00"
2026-02-27,664,2026022605011711,ILI,57,38,12,442.00,"5,304.00"
2026-02-27,665,2026022605011701,ILI,57,41,70,442.00,"30,940.00"
2026-02-27,666,2026022605011687,ILI,26,22,2,438.40,876.80
2026-02-27,667,2026022605011684,ILI,57,49,12,442.00,"5,304.00"
2026-02-27,668,2026022605011556,ILI,26,3,2,438.00,876.00
2026-02-27,669,2026022605011746,KDBY,47,57,100,9.99,999.00
2026-02-27,670,2026022605011815,MBJC,32,21,200,289.40,"57,880.00"
2026-02-27,671,2026022605011814,MBJC,32,7,50,289.30,"14,465.00"
2026-02-27,672,2026022605011645,MBJC,57,58,30,287.60,"8,628.00"
2026-02-27,673,2026022605011644,MBJC,52,58,40,287.60,"11,504.00"
2026-02-27,674,2026022605011643,MBJC,6,58,20,287.70,"5,754.00"
2026-02-27,675,2026022605011848,MCHL,17,50,292,408.00,"119,136.00"
2026-02-27,676,2026022605011603,MEL,55,8,10,280.00,"2,800.00"
2026-02-27,677,2026022605011860,MEL,55,91,16,280.00,"4,480.00"
2026-02-27,678,2026022605011829,MEL,55,16,10,282.60,"2,826.00"
2026-02-27,679,2026022605011828,MEL,55,77,20,280.00,"5,600.00"
2026-02-27,680,2026022605011861,MEL,13,91,984,280.00,"275,520.00"
2026-02-27,681,2026022605011905,MHCL,13,7,90,348.00,"31,320.00"
2026-02-27,682,2026022605011877,MHCL,58,67,42,350.00,"14,700.00"
2026-02-27,683,2026022605011827,MHCL,13,48,10,348.00,"3,480.00"
2026-02-27,684,2026022605011812,MHCL,34,67,55,350.00,"19,250.00"
2026-02-27,685,2026022605011811,MHCL,34,57,100,350.00,"35,000.00"
2026-02-27,686,2026022605011810,MHCL,34,4,20,350.00,"7,000.00"
2026-02-27,687,2026022605011809,MHCL,34,45,200,350.00,"70,000.00"
2026-02-27,688,2026022605011808,MHCL,34,5,25,350.00,"8,750.00"
2026-02-27,689,2026022605011671,MHCL,29,5,50,350.00,"17,500.00"
2026-02-27,690,2026022605011524,MHCL,45,29,50,349.00,"17,450.00"
2026-02-27,691,2026022605011523,MHCL,45,58,20,349.00,"6,980.00"
2026-02-27,692,2026022605012011,MHL,32,17,80,517.10,"41,368.00"
2026-02-27,693,2026022605011995,MHL,32,45,110,517.10,"56,881.00"
2026-02-27,694,2026022605011907,MHL,32,52,810,517.10,"418,851.00"
2026-02-27,695,2026022605011906,MHL,60,52,280,517.20,"144,816.00"
2026-02-27,696,2026022605011648,MHL,49,17,17,518.00,"8,806.00"
2026-02-27,697,2026022605011900,MHL,60,74,10,517.20,"5,172.00"
2026-02-27,698,2026022605011896,MHL,60,42,10,517.20,"5,172.00"
2026-02-27,699,2026022605011730,MHL,19,17,25,518.00,"12,950.00"
2026-02-27,700,2026022605011651,MHL,36,17,100,518.00,"51,800.00"
2026-02-27,701,2026022605011650,MHL,22,17,10,518.00,"5,180.00"
2026-02-27,702,2026022605011649,MHL,34,17,10,518.00,"5,180.00"
2026-02-27,703,2026022605011931,MKHC,49,42,10,319.00,"3,190.00"
2026-02-27,704,2026022605011930,MKHC,49,8,10,319.00,"3,190.00"
2026-02-27,705,2026022605011957,MKHL,58,92,16,766.10,"12,257.60"
2026-02-27,706,2026022605011609,MKHL,58,33,10,765.60,"7,656.00"
2026-02-27,707,2026022605011555,MKHL,58,38,10,765.70,"7,657.00"
2026-02-27,708,2026022605011736,MKJC,58,1,29,522.60,"15,155.40"
2026-02-27,709,2026022605011735,MKJC,42,1,51,522.60,"26,652.60"
2026-02-27,710,2026022605011991,NIFRA,60,59,180,262.00,"47,160.00"
2026-02-27,711,2026022605011990,NIFRA,60,45,"1,000",261.90,"261,900.00"
2026-02-27,712,2026022605011989,NIFRA,60,45,"1,000",261.90,"261,900.00"
2026-02-27,713,2026022605011988,NIFRA,60,8,"1,000",261.90,"261,900.00"
2026-02-27,714,2026022605011987,NIFRA,60,3,149,261.60,"38,978.40"
2026-02-27,715,2026022605011986,NIFRA,60,45,54,261.60,"14,126.40"
2026-02-27,716,2026022605011627,NIFRA,45,54,4,260.00,"1,040.00"
2026-02-27,717,2026022605011560,NIFRA,45,58,6,260.00,"1,560.00"
2026-02-27,718,2026022605011939,NIFRA,45,49,6,260.00,"1,560.00"
2026-02-27,719,2026022605011875,NIFRA,44,13,39,261.10,"10,182.90"
2026-02-27,720,2026022605011807,NIFRA,25,13,25,261.10,"6,527.50"
2026-02-27,721,2026022605011738,NIFRA,61,58,63,261.00,"16,443.00"
2026-02-27,722,2026022605011689,NIFRA,61,38,37,261.00,"9,657.00"
2026-02-27,723,2026022605011688,NIFRA,42,38,63,261.00,"16,443.00"
2026-02-27,724,2026022605011985,NIFRA,60,48,100,261.60,"26,160.00"
2026-02-27,725,2026022605011984,NIFRA,60,44,364,261.60,"95,222.40"
2026-02-27,726,2026022605011983,NIFRA,60,55,"1,099",261.50,"287,388.50"
2026-02-27,727,2026022605011982,NIFRA,60,62,54,261.50,"14,121.00"
2026-02-27,728,2026022605011967,NIFRA,44,52,300,261.10,"78,330.00"
2026-02-27,729,2026022605011956,NIFRA,44,5,264,261.10,"68,930.40"
2026-02-27,730,2026022605011932,NRIC,62,74,10,"1,227.00","12,270.00"
2026-02-27,731,2026022605011853,NRIC,92,29,27,"1,224.00","33,048.00"
2026-02-27,732,2026022605011852,NRIC,58,29,73,"1,224.00","89,352.00"
2026-02-27,733,2026022605011542,NRIC,13,48,20,"1,225.00","24,500.00"
2026-02-27,734,2026022605011537,NRIC,59,48,19,"1,225.00","23,275.00"
2026-02-27,735,2026022605011847,NRIC,71,74,185,"1,227.00","226,995.00"
2026-02-27,736,2026022605011846,NRIC,71,25,15,"1,227.00","18,405.00"
2026-02-27,737,2026022605011845,NRIC,71,39,10,"1,226.90","12,269.00"
2026-02-27,738,2026022605011844,NRIC,71,59,290,"1,226.90","355,801.00"
2026-02-27,739,2026022605011717,NRIC,62,59,10,"1,226.90","12,269.00"
2026-02-27,740,2026022605011700,NRM,42,44,85,419.00,"35,615.00"
2026-02-27,741,2026022605011699,NRM,29,44,275,419.00,"115,225.00"
2026-02-27,742,2026022605011666,NRM,29,38,225,419.00,"94,275.00"
2026-02-27,743,2026022605011665,NRM,45,38,100,419.00,"41,900.00"
2026-02-27,744,2026022605011664,NRM,7,38,90,419.10,"37,719.00"
2026-02-27,745,2026022605011663,NRM,42,38,30,419.20,"12,576.00"
2026-02-27,746,2026022605011662,NRM,42,38,55,419.30,"23,061.50"
2026-02-27,747,2026022605011631,NRM,47,48,490,419.40,"205,506.00"
2026-02-27,748,2026022605011641,NRN,34,38,14,"1,500.00","21,000.00"
2026-02-27,749,2026022605011561,NRN,34,59,40,"1,500.00","60,000.00"
2026-02-27,750,2026022605011843,NRN,101,58,11,"1,500.00","16,500.00"
2026-02-27,751,2026022605011894,NRN,58,17,80,"1,500.00","120,000.00"
2026-02-27,752,2026022605011893,NRN,49,17,20,"1,500.00","30,000.00"
2026-02-27,753,2026022605011892,NRN,101,17,19,"1,500.00","28,500.00"
2026-02-27,754,2026022605011841,NTC,51,34,100,855.00,"85,500.00"
2026-02-27,755,2026022605011799,NTC,62,45,10,857.00,"8,570.00"
2026-02-27,756,2026022605011559,NTC,51,58,10,855.00,"8,550.00"
2026-02-27,757,2026022605011552,NTC,58,45,15,857.00,"12,855.00"
2026-02-27,758,2026022605011679,NYADI,13,6,15,393.10,"5,896.50"
2026-02-27,759,2026022605011981,PHCL,41,58,495,283.00,"140,085.00"
2026-02-27,760,2026022605011980,PHCL,45,58,120,283.00,"33,960.00"
2026-02-27,761,2026022605011979,PHCL,22,58,200,283.00,"56,600.00"
2026-02-27,762,2026022605011978,PHCL,54,58,300,283.00,"84,900.00"
2026-02-27,763,2026022605011977,PHCL,49,58,200,283.00,"56,600.00"
2026-02-27,764,2026022605011976,PHCL,44,58,100,283.00,"28,300.00"
2026-02-27,765,2026022605011672,PHCL,45,38,20,283.10,"5,662.00"
2026-02-27,766,2026022605011540,PHCL,7,1,162,283.50,"45,927.00"
2026-02-27,767,2026022605011520,PHCL,42,17,325,283.00,"91,975.00"
2026-02-27,768,2026022605011519,PHCL,34,17,70,283.00,"19,810.00"
2026-02-27,769,2026022605011518,PHCL,38,17,300,283.00,"84,900.00"
2026-02-27,770,2026022605011517,PHCL,19,17,100,283.10,"28,310.00"
2026-02-27,771,2026022605011885,PHCL,45,49,"2,370",283.10,"670,947.00"
2026-02-27,772,2026022605011884,PHCL,14,49,350,283.20,"99,120.00"
2026-02-27,773,2026022605011883,PHCL,16,49,150,284.00,"42,600.00"
2026-02-27,774,2026022605011747,PHCL,45,45,110,283.10,"31,141.00"
2026-02-27,775,2026022605011737,PHCL,45,34,500,283.10,"141,550.00"
2026-02-27,776,2026022605011709,PHCL,45,57,"1,000",283.10,"283,100.00"
2026-02-27,777,2026022605011975,PHCL,21,58,85,283.00,"24,055.00"
2026-02-27,778,2026022605011890,PHCL,21,49,55,283.00,"15,565.00"
2026-02-27,779,2026022605011889,PHCL,49,49,100,283.00,"28,300.00"
2026-02-27,780,2026022605011888,PHCL,7,49,200,283.00,"56,600.00"
2026-02-27,781,2026022605011887,PHCL,7,49,100,283.00,"28,300.00"
2026-02-27,782,2026022605011886,PHCL,42,49,675,283.00,"191,025.00"
2026-02-27,783,2026022605011891,PPL,39,64,10,380.70,"3,807.00"
2026-02-27,784,2026022605011856,PPL,34,17,200,380.00,"76,000.00"
2026-02-27,785,2026022605011855,PPL,34,32,10,380.00,"3,800.00"
2026-02-27,786,2026022605011805,PPL,14,6,15,379.90,"5,698.50"
2026-02-27,787,2026022605011745,PPL,28,48,"2,319",378.00,"876,582.00"
2026-02-27,788,2026022605011744,PPL,16,48,100,378.10,"37,810.00"
2026-02-27,789,2026022605011632,PPL,33,42,18,378.30,"6,809.40"
2026-02-27,790,2026022605011567,PPL,16,32,200,378.50,"75,700.00"
2026-02-27,791,2026022605011743,PPL,8,48,500,378.10,"189,050.00"
2026-02-27,792,2026022605011742,PPL,58,48,200,378.10,"75,620.00"
2026-02-27,793,2026022605011741,PPL,36,48,"1,199",378.20,"453,461.80"
2026-02-27,794,2026022605011740,PPL,42,48,"1,682",378.30,"636,300.60"
2026-02-27,795,2026022605011657,PPL,42,34,318,378.30,"120,299.40"
2026-02-27,796,2026022605011656,PPL,33,34,182,378.30,"68,850.60"
2026-02-27,797,2026022605012009,RFPL,57,21,100,390.80,"39,080.00"
2026-02-27,798,2026022605011953,RFPL,75,41,300,390.00,"117,000.00"
2026-02-27,799,2026022605011872,RFPL,75,68,50,390.00,"19,500.00"
2026-02-27,800,2026022605011839,RFPL,75,21,35,390.80,"13,678.00"
2026-02-27,801,2026022605011697,RFPL,75,5,"2,000",390.00,"780,000.00"
2026-02-27,802,2026022605011659,RFPL,75,48,365,390.00,"142,350.00"
2026-02-27,803,2026022605011544,RFPL,22,32,286,390.00,"111,540.00"
2026-02-27,804,2026022605011543,RFPL,22,36,14,390.00,"5,460.00"
2026-02-27,805,2026022605011658,RFPL,75,32,414,390.00,"161,460.00"
2026-02-27,806,2026022605011647,RFPL,77,32,86,390.00,"33,540.00"
2026-02-27,807,2026022605011646,RFPL,77,32,14,390.00,"5,460.00"
2026-02-27,808,2026022605011626,RFPL,48,32,200,390.00,"78,000.00"
2026-02-27,809,2026022605011558,RFPL,52,35,400,389.90,"155,960.00"
2026-02-27,810,2026022605011557,RFPL,35,35,100,389.90,"38,990.00"
2026-02-27,811,2026022605011938,RMF1,58,26,"1,000",9.60,"9,600.00"
2026-02-27,812,2026022605011921,RNLI,42,56,38,466.00,"17,708.00"
2026-02-27,813,2026022605011826,RNLI,42,28,12,466.00,"5,592.00"
2026-02-27,814,2026022605011636,RNLI,38,21,2,458.40,916.80
2026-02-27,815,2026022605012005,SAHAS,3,57,87,566.00,"49,242.00"
2026-02-27,816,2026022605012004,SAHAS,3,57,13,566.00,"7,358.00"
2026-02-27,817,2026022605012003,SAHAS,3,66,22,566.00,"12,452.00"
2026-02-27,818,2026022605011992,SAHAS,53,48,100,565.30,"56,530.00"
2026-02-27,819,2026022605011936,SAHAS,22,42,13,565.20,"7,347.60"
2026-02-27,820,2026022605011903,SAHAS,49,66,28,566.00,"15,848.00"
2026-02-27,821,2026022605011639,SAHAS,54,21,100,566.00,"56,600.00"
2026-02-27,822,2026022605011625,SAHAS,84,51,3,555.00,"1,665.00"
2026-02-27,823,2026022605011566,SAHAS,38,21,37,566.00,"20,942.00"
2026-02-27,824,2026022605011539,SAHAS,42,25,294,565.30,"166,198.20"
2026-02-27,825,2026022605011538,SAHAS,42,55,13,565.30,"7,348.90"
2026-02-27,826,2026022605011694,SAHAS,49,52,237,565.20,"133,952.40"
2026-02-27,827,2026022605011677,SAHAS,58,59,74,566.00,"41,884.00"
2026-02-27,828,2026022605011676,SAHAS,58,1,100,566.00,"56,600.00"
2026-02-27,829,2026022605011675,SAHAS,58,17,200,566.00,"113,200.00"
2026-02-27,830,2026022605011674,SAHAS,58,52,100,566.00,"56,600.00"
2026-02-27,831,2026022605011673,SAHAS,58,21,26,566.00,"14,716.00"
2026-02-27,832,2026022605011902,SAHAS,49,59,73,566.00,"41,318.00"
2026-02-27,833,2026022605011842,SAHAS,22,66,71,565.20,"40,129.20"
2026-02-27,834,2026022605011821,SAHAS,49,59,53,566.00,"29,998.00"
2026-02-27,835,2026022605011820,SAHAS,49,19,50,565.20,"28,260.00"
2026-02-27,836,2026022605011696,SAHAS,58,52,331,565.10,"187,048.10"
2026-02-27,837,2026022605011695,SAHAS,72,52,100,565.20,"56,520.00"
2026-02-27,838,2026022605011927,SANVI,45,34,10,803.00,"8,030.00"
2026-02-27,839,2026022605011926,SANVI,57,34,20,803.20,"16,064.00"
2026-02-27,840,2026022605011895,SANVI,45,58,110,803.00,"88,330.00"
2026-02-27,841,2026022605011798,SANVI,101,49,245,810.00,"198,450.00"
2026-02-27,842,2026022605011797,SANVI,101,42,100,810.00,"81,000.00"
2026-02-27,843,2026022605011796,SANVI,101,57,10,810.00,"8,100.00"
2026-02-27,844,2026022605011771,SANVI,101,6,10,805.00,"8,050.00"
2026-02-27,845,2026022605011553,SANVI,45,35,500,803.00,"401,500.00"
2026-02-27,846,2026022605011548,SANVI,45,58,10,803.00,"8,030.00"
2026-02-27,847,2026022605011777,SANVI,101,51,197,805.90,"158,762.30"
2026-02-27,848,2026022605011776,SANVI,101,48,333,805.80,"268,331.40"
2026-02-27,849,2026022605011775,SANVI,101,35,73,805.00,"58,765.00"
2026-02-27,850,2026022605011774,SANVI,101,58,20,805.00,"16,100.00"
2026-02-27,851,2026022605011773,SANVI,101,58,10,805.00,"8,050.00"
2026-02-27,852,2026022605011772,SANVI,101,22,30,805.00,"24,150.00"
2026-02-27,853,2026022605011783,SANVI,101,32,200,808.00,"161,600.00"
2026-02-27,854,2026022605011782,SANVI,101,4,100,807.80,"80,780.00"
2026-02-27,855,2026022605011781,SANVI,101,49,10,806.00,"8,060.00"
2026-02-27,856,2026022605011780,SANVI,101,38,10,806.00,"8,060.00"
2026-02-27,857,2026022605011779,SANVI,101,53,50,806.00,"40,300.00"
2026-02-27,858,2026022605011778,SANVI,101,62,12,806.00,"9,672.00"
2026-02-27,859,2026022605011789,SANVI,101,45,10,809.80,"8,098.00"
2026-02-27,860,2026022605011788,SANVI,101,1,70,809.00,"56,630.00"
2026-02-27,861,2026022605011787,SANVI,101,32,190,809.00,"153,710.00"
2026-02-27,862,2026022605011786,SANVI,101,58,10,808.10,"8,081.00"
2026-02-27,863,2026022605011785,SANVI,101,51,10,808.00,"8,080.00"
2026-02-27,864,2026022605011784,SANVI,101,81,150,808.00,"121,200.00"
2026-02-27,865,2026022605011795,SANVI,101,4,100,810.00,"81,000.00"
2026-02-27,866,2026022605011794,SANVI,101,63,10,810.00,"8,100.00"
2026-02-27,867,2026022605011793,SANVI,101,21,10,810.00,"8,100.00"
2026-02-27,868,2026022605011792,SANVI,101,49,10,810.00,"8,100.00"
2026-02-27,869,2026022605011791,SANVI,101,42,10,810.00,"8,100.00"
2026-02-27,870,2026022605011790,SANVI,101,56,10,810.00,"8,100.00"
2026-02-27,871,2026022605011825,SGHC,61,75,"1,160",394.00,"457,040.00"
2026-02-27,872,2026022605011719,SGHC,61,58,110,394.00,"43,340.00"
2026-02-27,873,2026022605011961,SHIVM,38,59,500,616.40,"308,200.00"
2026-02-27,874,2026022605011960,SHIVM,33,59,100,616.50,"61,650.00"
2026-02-27,875,2026022605011882,SHIVM,34,38,430,616.70,"265,181.00"
2026-02-27,876,2026022605011840,SHIVM,34,1,70,616.60,"43,162.00"
2026-02-27,877,2026022605011729,SHIVM,38,35,83,616.40,"51,161.20"
2026-02-27,878,2026022605011728,SHIVM,66,35,70,616.40,"43,148.00"
2026-02-27,879,2026022605011727,SHIVM,66,35,40,616.40,"24,656.00"
2026-02-27,880,2026022605011726,SHIVM,66,35,321,616.40,"197,864.40"
2026-02-27,881,2026022605011725,SHIVM,19,35,18,616.80,"11,102.40"
2026-02-27,882,2026022605011660,SHIVM,86,41,990,616.60,"610,434.00"
2026-02-27,883,2026022605011592,SHIVM,66,3,100,616.40,"61,640.00"
2026-02-27,884,2026022605011522,SHIVM,66,5,127,616.40,"78,282.80"
2026-02-27,885,2026022605011707,SIKLES,14,35,93,601.00,"55,893.00"
2026-02-27,886,2026022605011706,SIKLES,28,35,77,601.00,"46,277.00"
2026-02-27,887,2026022605011705,SIKLES,58,35,20,601.00,"12,020.00"
2026-02-27,888,2026022605011704,SIKLES,42,35,90,601.50,"54,135.00"
2026-02-27,889,2026022605011703,SIKLES,38,35,20,602.00,"12,040.00"
2026-02-27,890,2026022605011702,SIKLES,14,35,200,602.00,"120,400.00"
2026-02-27,891,2026022605012010,SMATA,42,42,80,778.10,"62,248.00"
2026-02-27,892,2026022605011940,SMATA,35,34,26,780.00,"20,280.00"
2026-02-27,893,2026022605011547,SMATA,77,34,24,780.00,"18,720.00"
2026-02-27,894,2026022605011973,SMH,58,39,15,634.00,"9,510.00"
2026-02-27,895,2026022605011867,SMH,58,39,50,634.00,"31,700.00"
2026-02-27,896,2026022605011614,SMH,101,1,270,639.00,"172,530.00"
2026-02-27,897,2026022605011613,SMH,101,35,"1,200",637.00,"764,400.00"
2026-02-27,898,2026022605011612,SMH,101,32,200,636.00,"127,200.00"
2026-02-27,899,2026022605011611,SMH,101,32,300,634.00,"190,200.00"
2026-02-27,900,2026022605011610,SMH,101,17,30,634.00,"19,020.00"
2026-02-27,901,2026022605012013,SMHL,32,6,21,462.00,"9,702.00"
2026-02-27,902,2026022605011937,SMHL,58,6,74,463.00,"34,262.00"
2026-02-27,903,2026022605011652,SMHL,34,35,10,463.90,"4,639.00"
2026-02-27,904,2026022605011620,SMHL,58,4,878,461.30,"405,021.40"
2026-02-27,905,2026022605011964,SMJC,57,11,10,474.90,"4,749.00"
2026-02-27,906,2026022605011615,SMJC,35,16,10,474.80,"4,748.00"
2026-02-27,907,2026022605012012,SONA,37,39,110,425.00,"46,750.00"
2026-02-27,908,2026022605011993,SONA,37,34,10,425.00,"4,250.00"
2026-02-27,909,2026022605011958,SONA,37,49,50,425.00,"21,250.00"
2026-02-27,910,2026022605011607,SONA,56,26,10,425.50,"4,255.00"
2026-02-27,911,2026022605011606,SONA,56,7,20,425.00,"8,500.00"
2026-02-27,912,2026022605011605,SONA,56,74,10,425.00,"4,250.00"
2026-02-27,913,2026022605011604,SONA,56,32,10,425.00,"4,250.00"
2026-02-27,914,2026022605011822,SPC,41,43,100,492.40,"49,240.00"
2026-02-27,915,2026022605011767,SPC,41,40,100,492.40,"49,240.00"
2026-02-27,916,2026022605011974,STC,54,43,55,"5,950.00","327,250.00"
2026-02-27,917,2026022605011971,STC,54,16,35,"5,950.00","208,250.00"
2026-02-27,918,2026022605011970,STC,54,43,20,"5,949.90","118,998.00"
2026-02-27,919,2026022605011969,STC,54,13,80,"5,949.00","475,920.00"
2026-02-27,920,2026022605011968,STC,54,7,10,"5,948.00","59,480.00"
2026-02-27,921,2026022605011764,STC,54,16,15,"5,950.00","89,250.00"
2026-02-27,922,2026022605011751,STC,54,54,15,"5,939.00","89,085.00"
2026-02-27,923,2026022605011750,STC,54,51,20,"5,935.00","118,700.00"
2026-02-27,924,2026022605011749,STC,54,13,100,"5,920.00","592,000.00"
2026-02-27,925,2026022605011748,STC,54,33,30,"5,920.00","177,600.00"
2026-02-27,926,2026022605011757,STC,54,49,275,"5,941.50","1,633,912.50"
2026-02-27,927,2026022605011756,STC,54,28,10,"5,941.50","59,415.00"
2026-02-27,928,2026022605011755,STC,54,68,60,"5,941.00","356,460.00"
2026-02-27,929,2026022605011754,STC,54,50,14,"5,941.00","83,174.00"
2026-02-27,930,2026022605011753,STC,54,43,200,"5,940.00","1,188,000.00"
2026-02-27,931,2026022605011752,STC,54,54,25,"5,939.00","148,475.00"
2026-02-27,932,2026022605011763,STC,54,54,20,"5,950.00","119,000.00"
2026-02-27,933,2026022605011762,STC,54,16,50,"5,950.00","297,500.00"
2026-02-27,934,2026022605011761,STC,54,52,56,"5,946.40","332,998.40"
2026-02-27,935,2026022605011760,STC,54,13,50,"5,946.00","297,300.00"
2026-02-27,936,2026022605011759,STC,54,45,50,"5,946.00","297,300.00"
2026-02-27,937,2026022605011758,STC,54,44,10,"5,941.50","59,415.00"
2026-02-27,938,2026022605011866,TAMOR,67,13,113,414.00,"46,782.00"
2026-02-27,939,2026022605011865,TAMOR,49,13,200,414.00,"82,800.00"
2026-02-27,940,2026022605011864,TAMOR,45,13,237,414.00,"98,118.00"
2026-02-27,941,2026022605011724,TAMOR,45,16,323,414.00,"133,722.00"
2026-02-27,942,2026022605011723,TAMOR,51,16,250,414.10,"103,525.00"
2026-02-27,943,2026022605011879,TPC,42,58,100,382.80,"38,280.00"
2026-02-27,944,2026022605011710,TPC,54,52,30,383.00,"11,490.00"
2026-02-27,945,2026022605011667,TPC,54,65,50,383.00,"19,150.00"
2026-02-27,946,2026022605011591,TPC,74,75,355,382.10,"135,645.50"
2026-02-27,947,2026022605011590,TPC,49,75,25,382.10,"9,552.50"
2026-02-27,948,2026022605011589,TPC,21,75,200,382.20,"76,440.00"
2026-02-27,949,2026022605011588,TPC,11,75,100,382.50,"38,250.00"
2026-02-27,950,2026022605011587,TPC,58,75,"1,000",382.60,"382,600.00"
2026-02-27,951,2026022605011586,TPC,43,75,20,382.70,"7,654.00"
2026-02-27,952,2026022605011585,TPC,47,75,300,383.10,"114,930.00"
2026-02-27,953,2026022605011554,TPC,10,88,50,384.00,"19,200.00"
2026-02-27,954,2026022605011920,TSHL,58,7,10,725.00,"7,250.00"
2026-02-27,955,2026022605011824,TSHL,45,7,144,725.00,"104,400.00"
2026-02-27,956,2026022605011823,TSHL,48,7,49,725.10,"35,529.90"
2026-02-27,957,2026022605012000,TVCL,48,59,400,637.80,"255,120.00"
2026-02-27,958,2026022605011999,TVCL,57,59,100,637.80,"63,780.00"
2026-02-27,959,2026022605011721,TVCL,32,57,685,637.70,"436,824.50"
2026-02-27,960,2026022605011720,TVCL,62,57,55,637.80,"35,079.00"
2026-02-27,961,2026022605011698,TVCL,62,22,45,637.80,"28,701.00"
2026-02-27,962,2026022605012006,UHEWA,58,13,30,557.00,"16,710.00"
2026-02-27,963,2026022605011908,UHEWA,38,13,300,557.00,"167,100.00"
2026-02-27,964,2026022605011899,UHEWA,44,40,90,556.20,"50,058.00"
2026-02-27,965,2026022605011898,UHEWA,38,40,10,556.30,"5,563.00"
2026-02-27,966,2026022605011768,UHEWA,45,63,10,556.30,"5,563.00"
2026-02-27,967,2026022605011668,UHEWA,45,52,10,556.30,"5,563.00"
2026-02-27,968,2026022605011633,UHEWA,7,13,410,557.00,"228,370.00"
2026-02-27,969,2026022605011521,UHEWA,7,45,30,557.00,"16,710.00"
2026-02-27,970,2026022605012002,ULHC,58,35,"4,536",557.00,"2,526,552.00"
2026-02-27,971,2026022605012001,ULHC,58,35,40,557.10,"22,284.00"
2026-02-27,972,2026022605011965,ULHC,54,8,10,557.80,"5,578.00"
2026-02-27,973,2026022605011909,ULHC,32,8,100,557.80,"55,780.00"
2026-02-27,974,2026022605011859,ULHC,58,58,10,557.00,"5,570.00"
2026-02-27,975,2026022605011858,ULHC,58,16,10,557.00,"5,570.00"
2026-02-27,976,2026022605011602,ULHC,34,52,244,555.00,"135,420.00"
2026-02-27,977,2026022605011601,ULHC,34,38,25,555.00,"13,875.00"
2026-02-27,978,2026022605011600,ULHC,34,66,30,554.80,"16,644.00"
2026-02-27,979,2026022605011599,ULHC,34,13,10,554.80,"5,548.00"
2026-02-27,980,2026022605011598,ULHC,34,13,41,554.70,"22,742.70"
2026-02-27,981,2026022605011596,ULHC,39,13,59,554.70,"32,727.30"
2026-02-27,982,2026022605011715,ULHC,50,56,371,555.00,"205,905.00"
2026-02-27,983,2026022605011640,ULHC,50,66,10,555.00,"5,550.00"
2026-02-27,984,2026022605011638,ULHC,50,45,50,555.00,"27,750.00"
2026-02-27,985,2026022605011637,ULHC,50,38,269,555.00,"149,295.00"
2026-02-27,986,2026022605011624,ULHC,33,38,31,555.00,"17,205.00"
2026-02-27,987,2026022605011623,ULHC,33,52,256,555.00,"142,080.00"
2026-02-27,988,2026022605011818,ULHC,58,66,100,556.00,"55,600.00"
2026-02-27,989,2026022605011817,ULHC,58,38,10,556.00,"5,560.00"
2026-02-27,990,2026022605011816,ULHC,58,58,100,556.00,"55,600.00"
2026-02-27,991,2026022605011804,ULHC,58,62,"4,000",555.00,"2,220,000.00"
2026-02-27,992,2026022605011732,ULHC,49,58,100,556.00,"55,600.00"
2026-02-27,993,2026022605011716,ULHC,58,56,159,555.00,"88,245.00"
2026-02-27,994,2026022605011949,USHEC,57,4,212,470.00,"99,640.00"
2026-02-27,995,2026022605011923,USHEC,39,25,90,469.10,"42,219.00"
2026-02-27,996,2026022605011922,USHEC,39,25,90,469.20,"42,228.00"
2026-02-27,997,2026022605011635,USHEC,39,57,10,469.20,"4,692.00"
2026-02-27,998,2026022605011693,USHEC,25,4,122,470.00,"57,340.00"
2026-02-27,999,2026022605011678,VLUCL,7,57,10,557.00,"5,570.00"
2026-02-27,1000,2026022605011545,VLUCL,7,41,122,557.00,"67,954.00"
2026-02-27,1001,2026022605011306,AHL,38,50,80,494.00,"39,520.00"
2026-02-27,1002,2026022605011291,AHL,45,50,100,494.00,"49,400.00"
2026-02-27,1003,2026022605011275,AHL,11,50,100,494.00,"49,400.00"
2026-02-27,1004,2026022605011180,AHL,34,50,50,494.00,"24,700.00"
2026-02-27,1005,2026022605011103,AHL,58,38,30,493.00,"14,790.00"
2026-02-27,1006,2026022605011208,BEDC,55,34,40,511.00,"20,440.00"
2026-02-27,1007,2026022605011126,BEDC,55,90,50,511.00,"25,550.00"
2026-02-27,1008,2026022605011090,BEDC,18,90,100,511.10,"51,110.00"
2026-02-27,1009,2026022605011513,BHDC,57,19,100,470.00,"47,000.00"
2026-02-27,1010,2026022605011225,BHDC,35,19,180,470.00,"84,600.00"
2026-02-27,1011,2026022605011224,BHDC,32,19,13,470.00,"6,110.00"
2026-02-27,1012,2026022605011223,BHDC,35,19,68,470.00,"31,960.00"
2026-02-27,1013,2026022605011213,BHDC,35,45,22,470.00,"10,340.00"
2026-02-27,1014,2026022605011457,BHL,26,32,"1,000",197.00,"197,000.00"
2026-02-27,1015,2026022605011441,BHL,54,67,300,198.00,"59,400.00"
2026-02-27,1016,2026022605011248,BHL,42,8,500,196.30,"98,150.00"
2026-02-27,1017,2026022605011101,BHL,54,67,530,198.00,"104,940.00"
2026-02-27,1018,2026022605011075,BHL,14,17,"3,774",196.00,"739,704.00"
2026-02-27,1019,2026022605011074,BHL,48,17,500,196.00,"98,000.00"
2026-02-27,1020,2026022605011055,BHL,1,17,500,196.40,"98,200.00"
2026-02-27,1021,2026022605011054,BHL,57,17,200,196.50,"39,300.00"
2026-02-27,1022,2026022605011053,BHL,47,17,100,196.50,"19,650.00"
2026-02-27,1023,2026022605011052,BHL,39,17,100,196.50,"19,650.00"
2026-02-27,1024,2026022605011061,BHL,42,17,190,196.00,"37,240.00"
2026-02-27,1025,2026022605011060,BHL,8,17,200,196.00,"39,200.00"
2026-02-27,1026,2026022605011059,BHL,14,17,500,196.10,"98,050.00"
2026-02-27,1027,2026022605011058,BHL,42,17,"1,400",196.10,"274,540.00"
2026-02-27,1028,2026022605011057,BHL,44,17,"2,000",196.20,"392,400.00"
2026-02-27,1029,2026022605011056,BHL,49,17,"2,000",196.30,"392,600.00"
2026-02-27,1030,2026022605011067,BHL,11,17,20,196.00,"3,920.00"
2026-02-27,1031,2026022605011066,BHL,83,17,500,196.00,"98,000.00"
2026-02-27,1032,2026022605011065,BHL,51,17,"2,200",196.00,"431,200.00"
2026-02-27,1033,2026022605011064,BHL,36,17,200,196.00,"39,200.00"
2026-02-27,1034,2026022605011063,BHL,35,17,10,196.00,"1,960.00"
2026-02-27,1035,2026022605011062,BHL,26,17,185,196.00,"36,260.00"
2026-02-27,1036,2026022605011073,BHL,58,17,99,196.00,"19,404.00"
2026-02-27,1037,2026022605011072,BHL,38,17,200,196.00,"39,200.00"
2026-02-27,1038,2026022605011071,BHL,49,17,201,196.00,"39,396.00"
2026-02-27,1039,2026022605011070,BHL,16,17,50,196.00,"9,800.00"
2026-02-27,1040,2026022605011069,BHL,39,17,150,196.00,"29,400.00"
2026-02-27,1041,2026022605011068,BHL,57,17,"1,020",196.00,"199,920.00"
2026-02-27,1042,2026022605011472,BHPL,52,45,100,550.00,"55,000.00"
2026-02-27,1043,2026022605011512,BNHC,96,17,38,333.00,"12,654.00"
2026-02-27,1044,2026022605011511,BNHC,14,17,37,333.00,"12,321.00"
2026-02-27,1045,2026022605011491,BNHC,49,36,150,333.10,"49,965.00"
2026-02-27,1046,2026022605011446,BNHC,7,36,25,333.10,"8,327.50"
2026-02-27,1047,2026022605011393,BNHC,34,36,50,333.10,"16,655.00"
2026-02-27,1048,2026022605011274,BNHC,7,36,133,333.10,"44,302.30"
2026-02-27,1049,2026022605011242,BNHC,14,32,200,333.00,"66,600.00"
2026-02-27,1050,2026022605011177,BNHC,38,36,50,333.10,"16,655.00"
2026-02-27,1051,2026022605011175,BNHC,42,36,100,333.10,"33,310.00"
2026-02-27,1052,2026022605011082,BNHC,14,57,259,333.00,"86,247.00"
2026-02-27,1053,2026022605011081,BNHC,47,57,410,333.00,"136,530.00"
2026-02-27,1054,2026022605011259,CHDC,81,34,1,"2,441.00","2,441.00"
2026-02-27,1055,2026022605011255,CHDC,58,21,1,"2,446.00","2,446.00"
2026-02-27,1056,2026022605011206,CHDC,47,54,117,"2,490.00","291,330.00"
2026-02-27,1057,2026022605011205,CHDC,6,54,50,"2,490.00","124,500.00"
2026-02-27,1058,2026022605011204,CHDC,38,54,112,"2,490.80","278,969.60"
2026-02-27,1059,2026022605011203,CHDC,49,54,30,"2,491.00","74,730.00"
2026-02-27,1060,2026022605011190,CHDC,45,54,200,"2,496.30","499,260.00"
2026-02-27,1061,2026022605011189,CHDC,42,54,15,"2,496.30","37,444.50"
2026-02-27,1062,2026022605011188,CHDC,63,54,170,"2,496.30","424,371.00"
2026-02-27,1063,2026022605011187,CHDC,32,54,50,"2,496.40","124,820.00"
2026-02-27,1064,2026022605011078,CHDC,63,48,140,"2,496.30","349,482.00"
2026-02-27,1065,2026022605011196,CHDC,100,54,100,"2,494.30","249,430.00"
2026-02-27,1066,2026022605011195,CHDC,32,54,50,"2,495.00","124,750.00"
2026-02-27,1067,2026022605011194,CHDC,58,54,10,"2,495.10","24,951.00"
2026-02-27,1068,2026022605011193,CHDC,38,54,15,"2,496.00","37,440.00"
2026-02-27,1069,2026022605011192,CHDC,46,54,100,"2,496.00","249,600.00"
2026-02-27,1070,2026022605011191,CHDC,34,54,150,"2,496.30","374,445.00"
2026-02-27,1071,2026022605011202,CHDC,77,54,30,"2,492.00","74,760.00"
2026-02-27,1072,2026022605011201,CHDC,32,54,50,"2,492.40","124,620.00"
2026-02-27,1073,2026022605011200,CHDC,43,54,20,"2,492.40","49,848.00"
2026-02-27,1074,2026022605011199,CHDC,57,54,200,"2,494.10","498,820.00"
2026-02-27,1075,2026022605011198,CHDC,75,54,11,"2,494.20","27,436.20"
2026-02-27,1076,2026022605011197,CHDC,43,54,20,"2,494.20","49,884.00"
2026-02-27,1077,2026022605011280,CIT,46,45,50,"1,767.00","88,350.00"
2026-02-27,1078,2026022605011279,CIT,44,45,50,"1,767.00","88,350.00"
2026-02-27,1079,2026022605011156,CIT,38,45,140,"1,769.00","247,660.00"
2026-02-27,1080,2026022605011095,CIT,58,45,20,"1,770.00","35,400.00"
2026-02-27,1081,2026022605011045,CIT,62,39,10,"1,771.00","17,710.00"
2026-02-27,1082,2026022605011341,CKHL,21,22,20,679.00,"13,580.00"
2026-02-27,1083,2026022605011340,CKHL,46,22,10,679.00,"6,790.00"
2026-02-27,1084,2026022605011493,CLI,17,38,13,472.00,"6,136.00"
2026-02-27,1085,2026022605011369,CLI,17,43,106,472.00,"50,032.00"
2026-02-27,1086,2026022605011368,CLI,29,43,10,474.00,"4,740.00"
2026-02-27,1087,2026022605011215,CLI,33,58,13,471.90,"6,134.70"
2026-02-27,1088,2026022605011094,CLI,49,49,3,467.10,"1,401.30"
2026-02-27,1089,2026022605011050,CLI,49,57,13,471.10,"6,124.30"
2026-02-27,1090,2026022605011048,CLI,17,38,11,471.50,"5,186.50"
2026-02-27,1091,2026022605011031,CLI,49,58,5,467.10,"2,335.50"
2026-02-27,1092,2026022605011030,CLI,29,41,10,474.30,"4,743.00"
2026-02-27,1093,2026022605011444,DOLTI,16,53,80,509.00,"40,720.00"
2026-02-27,1094,2026022605011281,DOLTI,58,25,200,509.00,"101,800.00"
2026-02-27,1095,2026022605011496,DORDI,58,6,369,275.50,"101,659.50"
2026-02-27,1096,2026022605011495,DORDI,58,48,131,275.50,"36,090.50"
2026-02-27,1097,2026022605011370,DORDI,34,48,30,275.50,"8,265.00"
2026-02-27,1098,2026022605011350,DORDI,69,43,220,275.10,"60,522.00"
2026-02-27,1099,2026022605011349,DORDI,42,43,500,275.20,"137,600.00"
2026-02-27,1100,2026022605011348,DORDI,67,43,780,275.20,"214,656.00"
2026-02-27,1101,2026022605011040,DORDI,25,45,185,275.50,"50,967.50"
2026-02-27,1102,2026022605011163,DORDI,34,45,815,275.50,"224,532.50"
2026-02-27,1103,2026022605011162,DORDI,67,82,220,275.20,"60,544.00"
2026-02-27,1104,2026022605011117,DORDI,67,82,480,275.20,"132,096.00"
2026-02-27,1105,2026022605011047,DORDI,67,57,20,275.20,"5,504.00"
2026-02-27,1106,2026022605011270,DORDI,35,48,140,275.50,"38,570.00"
2026-02-27,1107,2026022605011227,DORDI,35,68,35,275.50,"9,642.50"
2026-02-27,1108,2026022605011165,DORDI,34,68,15,275.50,"4,132.50"
2026-02-27,1109,2026022605011164,DORDI,34,6,770,275.50,"212,135.00"
2026-02-27,1110,2026022605011097,EHPL,34,57,150,409.80,"61,470.00"
2026-02-27,1111,2026022605011494,GCIL,42,50,70,412.10,"28,847.00"
2026-02-27,1112,2026022605011468,GCIL,58,68,10,412.80,"4,128.00"
2026-02-27,1113,2026022605011169,GCIL,58,68,10,412.80,"4,128.00"
2026-02-27,1114,2026022605011235,GCIL,35,68,87,412.80,"35,913.60"
2026-02-27,1115,2026022605011026,GIBF1,43,87,100,10.62,"1,062.00"
2026-02-27,1116,2026022605011510,GVL,55,42,70,484.30,"33,901.00"
2026-02-27,1117,2026022605011352,GVL,55,49,11,484.30,"5,327.30"
2026-02-27,1118,2026022605011091,GVL,14,57,11,484.10,"5,325.10"
2026-02-27,1119,2026022605011080,GVL,14,5,50,484.10,"24,205.00"
2026-02-27,1120,2026022605011079,GVL,58,5,50,484.50,"24,225.00"
2026-02-27,1121,2026022605011392,HATHY,34,57,10,894.00,"8,940.00"
2026-02-27,1122,2026022605011382,HATHY,50,57,100,894.00,"89,400.00"
2026-02-27,1123,2026022605011381,HATHY,32,57,80,895.00,"71,600.00"
2026-02-27,1124,2026022605011380,HATHY,17,57,290,895.00,"259,550.00"
2026-02-27,1125,2026022605011379,HATHY,28,57,10,895.10,"8,951.00"
2026-02-27,1126,2026022605011378,HATHY,21,57,10,896.00,"8,960.00"
2026-02-27,1127,2026022605011049,HATHY,17,13,10,895.00,"8,950.00"
2026-02-27,1128,2026022605011515,HDL,44,90,50,"1,141.40","57,070.00"
2026-02-27,1129,2026022605011514,HDL,44,8,68,"1,141.40","77,615.20"
2026-02-27,1130,2026022605011505,HDL,66,90,25,"1,141.30","28,532.50"
2026-02-27,1131,2026022605011504,HDL,62,90,25,"1,141.30","28,532.50"
2026-02-27,1132,2026022605011086,HDL,62,58,19,"1,141.30","21,684.70"
2026-02-27,1133,2026022605011085,HDL,58,58,13,"1,142.00","14,846.00"
2026-02-27,1134,2026022605011046,HDL,58,35,87,"1,142.00","99,354.00"
2026-02-27,1135,2026022605011171,HDL,62,57,45,"1,141.30","51,358.50"
2026-02-27,1136,2026022605011317,HDL,42,45,20,"1,141.40","22,828.00"
2026-02-27,1137,2026022605011405,HDL,62,90,12,"1,141.30","13,695.60"
2026-02-27,1138,2026022605011404,HDL,42,90,18,"1,141.40","20,545.20"
2026-02-27,1139,2026022605011398,HDL,42,90,50,"1,141.40","57,070.00"
2026-02-27,1140,2026022605011467,HHL,90,45,100,336.00,"33,600.00"
2026-02-27,1141,2026022605011250,HHL,90,74,100,336.00,"33,600.00"
2026-02-27,1142,2026022605011233,HHL,90,90,400,336.00,"134,400.00"
2026-02-27,1143,2026022605011221,HHL,90,90,400,336.00,"134,400.00"
2026-02-27,1144,2026022605011481,HIDCL,45,42,200,261.00,"52,200.00"
2026-02-27,1145,2026022605011480,HIDCL,4,42,100,261.00,"26,100.00"
2026-02-27,1146,2026022605011367,HIDCL,58,50,498,260.00,"129,480.00"
2026-02-27,1147,2026022605011366,HIDCL,42,50,20,260.00,"5,200.00"
2026-02-27,1148,2026022605011365,HIDCL,53,50,170,260.00,"44,200.00"
2026-02-27,1149,2026022605011364,HIDCL,41,50,100,260.00,"26,000.00"
2026-02-27,1150,2026022605011022,HIDCL,38,33,300,261.00,"78,300.00"
2026-02-27,1151,2026022605011018,HIDCL,38,41,380,261.00,"99,180.00"
2026-02-27,1152,2026022605011363,HIDCL,39,50,"1,047",260.00,"272,220.00"
2026-02-27,1153,2026022605011362,HIDCL,55,50,200,260.10,"52,020.00"
2026-02-27,1154,2026022605011361,HIDCL,58,50,145,260.20,"37,729.00"
2026-02-27,1155,2026022605011360,HIDCL,22,50,100,260.20,"26,020.00"
2026-02-27,1156,2026022605011359,HIDCL,22,50,20,260.60,"5,212.00"
2026-02-27,1157,2026022605011032,HIDCL,38,42,298,261.00,"77,778.00"
2026-02-27,1158,2026022605011459,HRL,41,32,52,840.50,"43,706.00"
2026-02-27,1159,2026022605011456,HRL,38,55,40,841.00,"33,640.00"
2026-02-27,1160,2026022605011124,HRL,67,57,10,840.10,"8,401.00"
2026-02-27,1161,2026022605011102,HRL,67,3,21,840.10,"17,642.10"
2026-02-27,1162,2026022605011096,HRL,67,26,32,840.10,"26,883.20"
2026-02-27,1163,2026022605011244,HRL,34,55,32,840.10,"26,883.20"
2026-02-27,1164,2026022605011211,HRL,34,45,63,840.10,"52,926.30"
2026-02-27,1165,2026022605011210,HRL,67,45,137,840.10,"115,093.70"
2026-02-27,1166,2026022605011170,HRL,62,57,10,841.00,"8,410.00"
2026-02-27,1167,2026022605011373,HRL,17,55,30,841.00,"25,230.00"
2026-02-27,1168,2026022605011372,HRL,17,34,10,841.00,"8,410.00"
2026-02-27,1169,2026022605011371,HRL,17,34,160,841.00,"134,560.00"
2026-02-27,1170,2026022605011358,HRL,58,34,105,841.00,"88,305.00"
2026-02-27,1171,2026022605011326,HRL,59,34,235,841.00,"197,635.00"
2026-02-27,1172,2026022605011325,HRL,59,57,15,841.00,"12,615.00"
2026-02-27,1173,2026022605011490,ILI,64,4,30,441.00,"13,230.00"
2026-02-27,1174,2026022605011286,ILI,5,48,10,441.10,"4,411.00"
2026-02-27,1175,2026022605011257,ILI,42,34,18,442.80,"7,970.40"
2026-02-27,1176,2026022605011167,ILI,5,57,12,441.10,"5,293.20"
2026-02-27,1177,2026022605011159,ILI,29,34,10,442.80,"4,428.00"
2026-02-27,1178,2026022605011029,ILI,64,58,"1,024",441.00,"451,584.00"
2026-02-27,1179,2026022605011028,ILI,39,58,976,441.10,"430,513.60"
2026-02-27,1180,2026022605011027,ILI,39,63,12,441.10,"5,293.20"
2026-02-27,1181,2026022605011499,MAKAR,58,74,200,530.00,"106,000.00"
2026-02-27,1182,2026022605011466,MAKAR,58,14,300,530.00,"159,000.00"
2026-02-27,1183,2026022605011303,MAKAR,8,32,10,530.00,"5,300.00"
2026-02-27,1184,2026022605011174,MANDU,28,58,10,801.00,"8,010.00"
2026-02-27,1185,2026022605011125,MBJC,57,54,10,287.50,"2,875.00"
2026-02-27,1186,2026022605011041,MBJC,8,34,50,287.20,"14,360.00"
2026-02-27,1187,2026022605011284,MCHL,17,39,158,408.00,"64,464.00"
2026-02-27,1188,2026022605011283,MCHL,17,39,100,409.00,"40,900.00"
2026-02-27,1189,2026022605011282,MCHL,58,39,172,409.00,"70,348.00"
2026-02-27,1190,2026022605011025,MCHL,58,43,133,409.00,"54,397.00"
2026-02-27,1191,2026022605011024,MCHL,11,43,67,409.00,"27,403.00"
2026-02-27,1192,2026022605011220,MEHL,42,74,10,440.00,"4,400.00"
2026-02-27,1193,2026022605011443,MEL,55,38,10,283.00,"2,830.00"
2026-02-27,1194,2026022605011442,MEL,55,28,10,282.00,"2,820.00"
2026-02-27,1195,2026022605011396,MEL,55,38,10,280.00,"2,800.00"
2026-02-27,1196,2026022605011395,MEL,55,49,44,280.00,"12,320.00"
2026-02-27,1197,2026022605011160,MEL,58,53,100,280.00,"28,000.00"
2026-02-27,1198,2026022605011083,MEL,58,86,100,280.00,"28,000.00"
2026-02-27,1199,2026022605011179,MEL,51,49,15,280.00,"4,200.00"
2026-02-27,1200,2026022605011178,MEL,58,49,41,280.00,"11,480.00"
2026-02-27,1201,2026022605011384,MHCL,77,58,10,349.00,"3,490.00"
2026-02-27,1202,2026022605011043,MHCL,55,5,45,350.00,"15,750.00"
2026-02-27,1203,2026022605011347,MHL,14,48,"1,000",519.00,"519,000.00"
2026-02-27,1204,2026022605011289,MHL,49,48,100,518.00,"51,800.00"
2026-02-27,1205,2026022605011413,MKHC,42,43,90,318.00,"28,620.00"
2026-02-27,1206,2026022605011412,MKHC,53,43,100,318.00,"31,800.00"
2026-02-27,1207,2026022605011411,MKHC,26,43,120,318.10,"38,172.00"
2026-02-27,1208,2026022605011316,MKHL,54,33,10,765.70,"7,657.00"
2026-02-27,1209,2026022605011042,MKHL,54,33,10,776.20,"7,762.00"
2026-02-27,1210,2026022605011342,MKJC,42,21,100,522.60,"52,260.00"
2026-02-27,1211,2026022605011181,MMKJL,49,42,10,555.10,"5,551.00"
2026-02-27,1212,2026022605011487,NIFRA,45,21,9,260.00,"2,340.00"
2026-02-27,1213,2026022605011485,NIFRA,42,58,"1,487",261.00,"388,107.00"
2026-02-27,1214,2026022605011484,NIFRA,45,58,13,261.00,"3,393.00"
2026-02-27,1215,2026022605011474,NIFRA,45,13,333,261.00,"86,913.00"
2026-02-27,1216,2026022605011473,NIFRA,45,57,35,261.00,"9,135.00"
2026-02-27,1217,2026022605011462,NIFRA,41,38,10,261.10,"2,611.00"
2026-02-27,1218,2026022605011087,NIFRA,38,25,120,261.00,"31,320.00"
2026-02-27,1219,2026022605011251,NIFRA,59,38,10,261.10,"2,611.00"
2026-02-27,1220,2026022605011247,NIFRA,42,58,64,261.00,"16,704.00"
2026-02-27,1221,2026022605011161,NIFRA,34,38,39,261.10,"10,182.90"
2026-02-27,1222,2026022605011152,NIFRA,42,58,379,261.00,"98,919.00"
2026-02-27,1223,2026022605011151,NIFRA,38,58,61,261.00,"15,921.00"
2026-02-27,1224,2026022605011115,NIFRA,38,45,500,261.00,"130,500.00"
2026-02-27,1225,2026022605011314,NIFRA,45,32,170,261.00,"44,370.00"
2026-02-27,1226,2026022605011313,NIFRA,45,32,80,261.00,"20,880.00"
2026-02-27,1227,2026022605011312,NIFRA,45,32,50,261.00,"13,050.00"
2026-02-27,1228,2026022605011311,NIFRA,34,32,10,261.00,"2,610.00"
2026-02-27,1229,2026022605011310,NIFRA,26,32,10,261.00,"2,610.00"
2026-02-27,1230,2026022605011309,NIFRA,42,32,287,261.00,"74,907.00"
2026-02-27,1231,2026022605011447,NIFRA,45,48,54,261.00,"14,094.00"
2026-02-27,1232,2026022605011416,NIFRA,45,6,54,261.00,"14,094.00"
2026-02-27,1233,2026022605011414,NIFRA,45,49,8,260.00,"2,080.00"
2026-02-27,1234,2026022605011394,NIFRA,45,55,64,261.00,"16,704.00"
2026-02-27,1235,2026022605011318,NIFRA,45,7,54,261.00,"14,094.00"
2026-02-27,1236,2026022605011315,NIFRA,45,32,393,261.00,"102,573.00"
2026-02-27,1237,2026022605011455,NRIC,58,58,30,"1,225.00","36,750.00"
2026-02-27,1238,2026022605011454,NRIC,14,58,10,"1,225.00","12,250.00"
2026-02-27,1239,2026022605011243,NRIC,49,25,35,"1,227.00","42,945.00"
2026-02-27,1240,2026022605011458,NRM,47,28,10,419.40,"4,194.00"
2026-02-27,1241,2026022605011212,NRM,49,45,50,420.00,"21,000.00"
2026-02-27,1242,2026022605011051,NRM,49,57,50,420.00,"21,000.00"
2026-02-27,1243,2026022605011158,NRN,76,42,1,"1,516.00","1,516.00"
2026-02-27,1244,2026022605011266,NRN,1,92,10,"1,506.00","15,060.00"
2026-02-27,1245,2026022605011265,NRN,43,92,100,"1,506.20","150,620.00"
2026-02-27,1246,2026022605011264,NRN,58,92,31,"1,510.00","46,810.00"
2026-02-27,1247,2026022605011263,NRN,14,92,56,"1,510.00","84,560.00"
2026-02-27,1248,2026022605011330,NRN,32,48,500,"1,501.00","750,500.00"
2026-02-27,1249,2026022605011329,NRN,74,48,100,"1,502.00","150,200.00"
2026-02-27,1250,2026022605011328,NRN,5,48,100,"1,505.00","150,500.00"
2026-02-27,1251,2026022605011327,NRN,43,48,227,"1,506.00","341,862.00"
2026-02-27,1252,2026022605011267,NRN,43,92,103,"1,506.00","155,118.00"
2026-02-27,1253,2026022605011336,NRN,35,48,10,"1,500.00","15,000.00"
2026-02-27,1254,2026022605011335,NRN,70,48,50,"1,500.00","75,000.00"
2026-02-27,1255,2026022605011334,NRN,3,48,100,"1,500.00","150,000.00"
2026-02-27,1256,2026022605011333,NRN,22,48,200,"1,500.00","300,000.00"
2026-02-27,1257,2026022605011332,NRN,39,48,50,"1,500.00","75,000.00"
2026-02-27,1258,2026022605011331,NRN,28,48,100,"1,500.10","150,010.00"
2026-02-27,1259,2026022605011387,NRN,34,48,400,"1,500.00","600,000.00"
2026-02-27,1260,2026022605011386,NRN,17,48,25,"1,500.00","37,500.00"
2026-02-27,1261,2026022605011385,NRN,8,48,40,"1,500.00","60,000.00"
2026-02-27,1262,2026022605011339,NRN,8,48,10,"1,500.00","15,000.00"
2026-02-27,1263,2026022605011338,NRN,21,48,13,"1,500.00","19,500.00"
2026-02-27,1264,2026022605011337,NRN,62,48,40,"1,500.00","60,000.00"
2026-02-27,1265,2026022605011440,NRN,34,22,11,"1,500.00","16,500.00"
2026-02-27,1266,2026022605011389,NRN,34,48,35,"1,500.00","52,500.00"
2026-02-27,1267,2026022605011388,NRN,7,48,500,"1,500.00","750,000.00"
2026-02-27,1268,2026022605011222,NTC,62,36,10,857.00,"8,570.00"
2026-02-27,1269,2026022605011038,NTC,51,8,61,855.00,"52,155.00"
2026-02-27,1270,2026022605011219,NYADI,13,57,10,393.10,"3,931.00"
2026-02-27,1271,2026022605011516,PHCL,84,17,75,283.10,"21,232.50"
2026-02-27,1272,2026022605011463,PHCL,41,1,338,283.50,"95,823.00"
2026-02-27,1273,2026022605011357,PHCL,84,52,175,283.10,"49,542.50"
2026-02-27,1274,2026022605011356,PHCL,45,52,100,283.29,"28,329.00"
2026-02-27,1275,2026022605011355,PHCL,45,52,25,283.40,"7,085.00"
2026-02-27,1276,2026022605011344,PHCL,7,57,150,283.90,"42,585.00"
2026-02-27,1277,2026022605011276,PHCL,42,57,90,283.90,"25,551.00"
2026-02-27,1278,2026022605011254,PHCL,42,38,100,283.90,"28,390.00"
2026-02-27,1279,2026022605011241,PHCL,42,57,10,283.90,"2,839.00"
2026-02-27,1280,2026022605011218,PHCL,28,57,500,284.00,"142,000.00"
2026-02-27,1281,2026022605011217,PHCL,58,57,10,284.00,"2,840.00"
2026-02-27,1282,2026022605011216,PHCL,34,57,250,284.10,"71,025.00"
2026-02-27,1283,2026022605011353,PPL,34,19,"1,100",380.00,"418,000.00"
2026-02-27,1284,2026022605011256,PPL,14,57,15,379.00,"5,685.00"
2026-02-27,1285,2026022605011176,PPL,34,14,10,379.00,"3,790.00"
2026-02-27,1286,2026022605011114,PPL,36,63,801,378.20,"302,938.20"
2026-02-27,1287,2026022605011113,PPL,18,63,450,378.20,"170,190.00"
2026-02-27,1288,2026022605011112,PPL,17,63,265,378.50,"100,302.50"
2026-02-27,1289,2026022605011111,PPL,45,63,200,378.60,"75,720.00"
2026-02-27,1290,2026022605011110,PPL,25,63,71,379.00,"26,909.00"
2026-02-27,1291,2026022605011109,PPL,62,63,213,379.00,"80,727.00"
2026-02-27,1292,2026022605011044,PPL,34,19,"1,000",380.00,"380,000.00"
2026-02-27,1293,2026022605011017,PPL,62,22,22,379.00,"8,338.00"
2026-02-27,1294,2026022605011234,RAWA,57,38,10,703.80,"7,038.00"
2026-02-27,1295,2026022605011500,RFPL,34,36,66,390.00,"25,740.00"
2026-02-27,1296,2026022605011407,RFPL,57,36,100,390.00,"39,000.00"
2026-02-27,1297,2026022605011308,RFPL,51,36,20,390.00,"7,800.00"
2026-02-27,1298,2026022605011307,RFPL,51,62,480,390.00,"187,200.00"
2026-02-27,1299,2026022605011298,RFPL,55,92,30,389.30,"11,679.00"
2026-02-27,1300,2026022605011297,RFPL,7,92,270,389.90,"105,273.00"
2026-02-27,1301,2026022605011037,RFPL,34,32,231,390.00,"90,090.00"
2026-02-27,1302,2026022605011036,RFPL,34,26,500,390.00,"195,000.00"
2026-02-27,1303,2026022605011035,RFPL,34,63,29,390.00,"11,310.00"
2026-02-27,1304,2026022605011034,RFPL,34,32,50,390.00,"19,500.00"
2026-02-27,1305,2026022605011033,RFPL,34,77,190,390.00,"74,100.00"
2026-02-27,1306,2026022605011023,RFPL,42,77,90,390.00,"35,100.00"
2026-02-27,1307,2026022605011288,RFPL,94,62,20,390.00,"7,800.00"
2026-02-27,1308,2026022605011287,RFPL,94,51,80,390.00,"31,200.00"
2026-02-27,1309,2026022605011231,RFPL,1,51,20,390.00,"7,800.00"
2026-02-27,1310,2026022605011230,RFPL,1,32,49,390.00,"19,110.00"
2026-02-27,1311,2026022605011226,RFPL,58,32,20,390.00,"7,800.00"
2026-02-27,1312,2026022605011039,RFPL,58,32,200,390.00,"78,000.00"
2026-02-27,1313,2026022605011489,RHGCL,32,57,100,270.00,"27,000.00"
2026-02-27,1314,2026022605011486,RHGCL,58,58,90,267.10,"24,039.00"
2026-02-27,1315,2026022605011445,RHGCL,13,32,470,267.00,"125,490.00"
2026-02-27,1316,2026022605011273,RHGCL,58,32,30,268.00,"8,040.00"
2026-02-27,1317,2026022605011168,RHGCL,22,25,20,268.00,"5,360.00"
2026-02-27,1318,2026022605011100,RHGCL,22,38,10,268.00,"2,680.00"
2026-02-27,1319,2026022605011019,RMF1,55,26,700,9.45,"6,615.00"
2026-02-27,1320,2026022605011471,RNLI,49,53,65,466.00,"30,290.00"
2026-02-27,1321,2026022605011470,RNLI,41,53,40,466.50,"18,660.00"
2026-02-27,1322,2026022605011469,RNLI,49,53,95,466.50,"44,317.50"
2026-02-27,1323,2026022605011402,RNLI,49,3,423,466.50,"197,329.50"
2026-02-27,1324,2026022605011299,RNLI,49,42,100,466.50,"46,650.00"
2026-02-27,1325,2026022605011293,RNLI,49,57,12,466.50,"5,598.00"
2026-02-27,1326,2026022605011237,RNLI,6,46,50,467.00,"23,350.00"
2026-02-27,1327,2026022605011166,RNLI,57,46,12,467.00,"5,604.00"
2026-02-27,1328,2026022605011509,SAHAS,54,21,317,566.00,"179,422.00"
2026-02-27,1329,2026022605011508,SAHAS,54,74,10,566.00,"5,660.00"
2026-02-27,1330,2026022605011507,SAHAS,54,19,73,566.00,"41,318.00"
2026-02-27,1331,2026022605011501,SAHAS,42,48,13,565.30,"7,348.90"
2026-02-27,1332,2026022605011497,SAHAS,42,51,13,565.30,"7,348.90"
2026-02-27,1333,2026022605011403,SAHAS,49,45,"1,000",565.20,"565,200.00"
2026-02-27,1334,2026022605011088,SAHAS,58,19,117,564.80,"66,081.60"
2026-02-27,1335,2026022605011122,SAHAS,44,43,316,565.00,"178,540.00"
2026-02-27,1336,2026022605011121,SAHAS,44,19,300,565.00,"169,500.00"
2026-02-27,1337,2026022605011120,SAHAS,44,36,105,564.90,"59,314.50"
2026-02-27,1338,2026022605011119,SAHAS,44,25,200,564.90,"112,980.00"
2026-02-27,1339,2026022605011118,SAHAS,44,52,99,564.90,"55,925.10"
2026-02-27,1340,2026022605011089,SAHAS,58,45,767,564.80,"433,201.60"
2026-02-27,1341,2026022605011132,SAHAS,38,58,13,565.00,"7,345.00"
2026-02-27,1342,2026022605011131,SAHAS,38,1,100,565.00,"56,500.00"
2026-02-27,1343,2026022605011130,SAHAS,38,56,10,565.00,"5,650.00"
2026-02-27,1344,2026022605011129,SAHAS,38,58,115,565.00,"64,975.00"
2026-02-27,1345,2026022605011128,SAHAS,38,90,100,565.00,"56,500.00"
2026-02-27,1346,2026022605011127,SAHAS,38,43,84,565.00,"47,460.00"
2026-02-27,1347,2026022605011138,SAHAS,38,35,10,565.00,"5,650.00"
2026-02-27,1348,2026022605011137,SAHAS,38,34,10,565.00,"5,650.00"
2026-02-27,1349,2026022605011136,SAHAS,38,74,10,565.00,"5,650.00"
2026-02-27,1350,2026022605011135,SAHAS,38,42,25,565.00,"14,125.00"
2026-02-27,1351,2026022605011134,SAHAS,38,4,10,565.00,"5,650.00"
2026-02-27,1352,2026022605011133,SAHAS,38,51,13,565.00,"7,345.00"
2026-02-27,1353,2026022605011144,SAHAS,38,6,89,565.00,"50,285.00"
2026-02-27,1354,2026022605011143,SAHAS,38,34,121,565.00,"68,365.00"
2026-02-27,1355,2026022605011142,SAHAS,38,38,158,565.00,"89,270.00"
2026-02-27,1356,2026022605011141,SAHAS,38,52,130,565.00,"73,450.00"
2026-02-27,1357,2026022605011140,SAHAS,38,32,13,565.00,"7,345.00"
2026-02-27,1358,2026022605011139,SAHAS,38,7,13,565.00,"7,345.00"
2026-02-27,1359,2026022605011150,SAHAS,38,42,25,565.00,"14,125.00"
2026-02-27,1360,2026022605011149,SAHAS,38,59,13,565.00,"7,345.00"
2026-02-27,1361,2026022605011148,SAHAS,38,29,65,565.00,"36,725.00"
2026-02-27,1362,2026022605011147,SAHAS,38,39,300,565.00,"169,500.00"
2026-02-27,1363,2026022605011146,SAHAS,38,32,50,565.00,"28,250.00"
2026-02-27,1364,2026022605011145,SAHAS,38,33,500,565.00,"282,500.00"
2026-02-27,1365,2026022605011354,SAHAS,49,57,13,565.20,"7,347.60"
2026-02-27,1366,2026022605011253,SAHAS,58,58,13,565.10,"7,346.30"
2026-02-27,1367,2026022605011245,SAHAS,58,21,13,565.10,"7,346.30"
2026-02-27,1368,2026022605011240,SAHAS,26,19,227,566.00,"128,482.00"
2026-02-27,1369,2026022605011239,SAHAS,26,17,13,566.00,"7,358.00"
2026-02-27,1370,2026022605011238,SAHAS,26,50,60,565.90,"33,954.00"
2026-02-27,1371,2026022605011401,SANVI,45,49,20,803.00,"16,060.00"
2026-02-27,1372,2026022605011400,SANVI,45,38,10,803.00,"8,030.00"
2026-02-27,1373,2026022605011399,SANVI,45,19,215,803.00,"172,645.00"
2026-02-27,1374,2026022605011351,SANVI,45,58,10,802.20,"8,022.00"
2026-02-27,1375,2026022605011324,SANVI,42,48,208,800.00,"166,400.00"
2026-02-27,1376,2026022605011323,SANVI,56,48,30,800.00,"24,000.00"
2026-02-27,1377,2026022605011185,SANVI,45,42,70,802.20,"56,154.00"
2026-02-27,1378,2026022605011184,SANVI,45,42,82,802.50,"65,805.00"
2026-02-27,1379,2026022605011157,SANVI,25,19,10,803.00,"8,030.00"
2026-02-27,1380,2026022605011084,SANVI,45,80,198,802.50,"158,895.00"
2026-02-27,1381,2026022605011322,SANVI,25,48,10,800.00,"8,000.00"
2026-02-27,1382,2026022605011321,SANVI,42,48,500,800.00,"400,000.00"
2026-02-27,1383,2026022605011320,SANVI,25,48,10,800.00,"8,000.00"
2026-02-27,1384,2026022605011319,SANVI,40,48,242,802.20,"194,132.40"
2026-02-27,1385,2026022605011300,SANVI,40,49,10,802.20,"8,022.00"
2026-02-27,1386,2026022605011186,SANVI,40,42,48,802.20,"38,505.60"
2026-02-27,1387,2026022605011229,SBCF,63,58,350,9.35,"3,272.50"
2026-02-27,1388,2026022605011214,SBCF,63,8,100,9.35,935.00
2026-02-27,1389,2026022605011260,SEF,58,58,500,9.57,"4,785.00"
2026-02-27,1390,2026022605011503,SGHC,45,99,300,394.10,"118,230.00"
2026-02-27,1391,2026022605011183,SGHC,61,34,230,394.00,"90,620.00"
2026-02-27,1392,2026022605011182,SGHC,41,34,20,395.00,"7,900.00"
2026-02-27,1393,2026022605011492,SHIVM,49,41,140,616.60,"86,324.00"
2026-02-27,1394,2026022605011460,SHIVM,51,50,126,616.60,"77,691.60"
2026-02-27,1395,2026022605011453,SHIVM,66,45,452,616.40,"278,612.80"
2026-02-27,1396,2026022605011452,SHIVM,100,45,100,616.60,"61,660.00"
2026-02-27,1397,2026022605011451,SHIVM,100,45,250,616.60,"154,150.00"
2026-02-27,1398,2026022605011450,SHIVM,42,45,198,616.60,"122,086.80"
2026-02-27,1399,2026022605011104,SHIVM,52,45,44,617.00,"27,148.00"
2026-02-27,1400,2026022605011278,SHIVM,42,38,221,616.60,"136,268.60"
2026-02-27,1401,2026022605011252,SHIVM,42,56,10,617.00,"6,170.00"
2026-02-27,1402,2026022605011173,SHIVM,42,22,253,616.60,"155,999.80"
2026-02-27,1403,2026022605011172,SHIVM,44,22,250,616.60,"154,150.00"
2026-02-27,1404,2026022605011123,SHIVM,56,56,20,617.00,"12,340.00"
2026-02-27,1405,2026022605011105,SHIVM,52,56,256,617.00,"157,952.00"
2026-02-27,1406,2026022605011391,SHIVM,42,29,61,616.60,"37,612.60"
2026-02-27,1407,2026022605011390,SHIVM,45,29,39,616.70,"24,051.30"
2026-02-27,1408,2026022605011346,SHIVM,42,33,541,616.60,"333,580.60"
2026-02-27,1409,2026022605011345,SHIVM,42,33,259,616.60,"159,699.40"
2026-02-27,1410,2026022605011292,SHIVM,58,41,67,617.00,"41,339.00"
2026-02-27,1411,2026022605011290,SHIVM,42,77,37,616.60,"22,814.20"
2026-02-27,1412,2026022605011207,SMATA,49,51,112,780.00,"87,360.00"
2026-02-27,1413,2026022605011343,SMH,62,17,12,634.00,"7,608.00"
2026-02-27,1414,2026022605011483,SMHL,58,36,170,461.20,"78,404.00"
2026-02-27,1415,2026022605011482,SMHL,58,36,30,462.00,"13,860.00"
2026-02-27,1416,2026022605011417,SMHL,91,53,500,461.00,"230,500.00"
2026-02-27,1417,2026022605011415,SMHL,91,57,10,461.00,"4,610.00"
2026-02-27,1418,2026022605011296,SMHL,91,57,335,461.00,"154,435.00"
2026-02-27,1419,2026022605011295,SMHL,64,57,650,461.10,"299,715.00"
2026-02-27,1420,2026022605011294,SMHL,17,57,15,462.00,"6,930.00"
2026-02-27,1421,2026022605011271,SMHL,29,16,100,463.00,"46,300.00"
2026-02-27,1422,2026022605011236,SMHL,64,58,50,461.10,"23,055.00"
2026-02-27,1423,2026022605011209,SMHL,64,53,"1,000",461.10,"461,100.00"
2026-02-27,1424,2026022605011077,SMHL,19,55,100,462.00,"46,200.00"
2026-02-27,1425,2026022605011383,SONA,41,57,50,424.20,"21,210.00"
2026-02-27,1426,2026022605011272,SONA,41,49,20,424.20,"8,484.00"
2026-02-27,1427,2026022605011261,SONA,41,38,10,424.20,"4,242.00"
2026-02-27,1428,2026022605011246,SONA,42,49,490,424.30,"207,907.00"
2026-02-27,1429,2026022605011232,SONA,42,22,10,424.30,"4,243.00"
2026-02-27,1430,2026022605011116,SONA,63,49,249,424.50,"105,700.50"
2026-02-27,1431,2026022605011449,SPC,58,22,10,492.20,"4,922.00"
2026-02-27,1432,2026022605011448,SPC,32,22,10,492.50,"4,925.00"
2026-02-27,1433,2026022605011410,SPC,45,45,255,493.80,"125,919.00"
2026-02-27,1434,2026022605011099,SPL,5,46,10,722.00,"7,220.00"
2026-02-27,1435,2026022605011098,SPL,45,46,50,723.40,"36,170.00"
2026-02-27,1436,2026022605011277,SPL,44,46,85,732.00,"62,220.00"
2026-02-27,1437,2026022605011258,SPL,57,46,15,732.00,"10,980.00"
2026-02-27,1438,2026022605011488,STC,39,45,50,"5,900.20","295,010.00"
2026-02-27,1439,2026022605011302,STC,54,13,71,"5,900.00","418,900.00"
2026-02-27,1440,2026022605011301,STC,29,13,29,"5,901.00","171,129.00"
2026-02-27,1441,2026022605011092,STC,54,84,30,"5,900.00","177,000.00"
2026-02-27,1442,2026022605011498,TAMOR,45,57,10,414.00,"4,140.00"
2026-02-27,1443,2026022605011408,TAMOR,45,50,410,414.00,"169,740.00"
2026-02-27,1444,2026022605011153,TAMOR,45,58,10,414.00,"4,140.00"
2026-02-27,1445,2026022605011479,TPC,43,32,80,382.70,"30,616.00"
2026-02-27,1446,2026022605011478,TPC,49,32,300,382.80,"114,840.00"
2026-02-27,1447,2026022605011477,TPC,20,32,120,382.80,"45,936.00"
2026-02-27,1448,2026022605011476,TPC,1,32,150,383.00,"57,450.00"
2026-02-27,1449,2026022605011475,TPC,58,32,350,383.00,"134,050.00"
2026-02-27,1450,2026022605011406,TPC,58,34,150,383.00,"57,450.00"
2026-02-27,1451,2026022605011374,TPC,58,53,500,383.00,"191,500.00"
2026-02-27,1452,2026022605011305,TPC,20,95,370,382.80,"141,636.00"
2026-02-27,1453,2026022605011304,TPC,34,95,10,383.00,"3,830.00"
2026-02-27,1454,2026022605011093,TPC,35,95,100,384.00,"38,400.00"
2026-02-27,1455,2026022605011269,TSHL,62,42,40,724.80,"28,992.00"
2026-02-27,1456,2026022605011155,TSHL,58,42,10,724.80,"7,248.00"
2026-02-27,1457,2026022605011154,TSHL,62,42,50,724.80,"36,240.00"
2026-02-27,1458,2026022605011439,TVCL,101,54,50,648.90,"32,445.00"
2026-02-27,1459,2026022605011438,TVCL,101,56,200,648.80,"129,760.00"
2026-02-27,1460,2026022605011437,TVCL,101,55,20,648.00,"12,960.00"
2026-02-27,1461,2026022605011436,TVCL,101,26,140,648.00,"90,720.00"
2026-02-27,1462,2026022605011435,TVCL,101,32,100,647.00,"64,700.00"
2026-02-27,1463,2026022605011434,TVCL,101,25,30,646.00,"19,380.00"
2026-02-27,1464,2026022605011262,TVCL,32,5,30,637.70,"19,131.00"
2026-02-27,1465,2026022605011228,TVCL,32,38,30,637.70,"19,131.00"
2026-02-27,1466,2026022605011108,TVCL,32,81,859,637.70,"547,784.30"
2026-02-27,1467,2026022605011107,TVCL,101,81,100,638.00,"63,800.00"
2026-02-27,1468,2026022605011106,TVCL,101,81,41,638.10,"26,162.10"
2026-02-27,1469,2026022605011421,TVCL,101,57,300,640.00,"192,000.00"
2026-02-27,1470,2026022605011420,TVCL,101,58,200,640.00,"128,000.00"
2026-02-27,1471,2026022605011419,TVCL,101,57,350,639.00,"223,650.00"
2026-02-27,1472,2026022605011418,TVCL,101,45,20,639.00,"12,780.00"
2026-02-27,1473,2026022605011397,TVCL,32,1,50,637.70,"31,885.00"
2026-02-27,1474,2026022605011268,TVCL,32,41,20,637.70,"12,754.00"
2026-02-27,1475,2026022605011427,TVCL,101,25,100,644.00,"64,400.00"
2026-02-27,1476,2026022605011426,TVCL,101,34,100,640.00,"64,000.00"
2026-02-27,1477,2026022605011425,TVCL,101,22,20,640.00,"12,800.00"
2026-02-27,1478,2026022605011424,TVCL,101,49,20,640.00,"12,800.00"
2026-02-27,1479,2026022605011423,TVCL,101,14,100,640.00,"64,000.00"
2026-02-27,1480,2026022605011422,TVCL,101,88,100,640.00,"64,000.00"
2026-02-27,1481,2026022605011433,TVCL,101,56,400,645.90,"258,360.00"
2026-02-27,1482,2026022605011432,TVCL,101,57,100,645.90,"64,590.00"
2026-02-27,1483,2026022605011431,TVCL,101,57,320,645.00,"206,400.00"
2026-02-27,1484,2026022605011430,TVCL,101,57,220,645.00,"141,900.00"
2026-02-27,1485,2026022605011429,TVCL,101,36,10,645.00,"6,450.00"
2026-02-27,1486,2026022605011428,TVCL,101,57,100,644.90,"64,490.00"
2026-02-27,1487,2026022605011409,UHEWA,7,38,10,557.00,"5,570.00"
2026-02-27,1488,2026022605011506,ULHC,33,38,25,554.00,"13,850.00"
2026-02-27,1489,2026022605011502,ULHC,35,13,15,554.70,"8,320.50"
2026-02-27,1490,2026022605011465,ULHC,33,16,350,554.00,"193,900.00"
2026-02-27,1491,2026022605011464,ULHC,33,6,338,554.00,"187,252.00"
2026-02-27,1492,2026022605011461,ULHC,58,6,30,554.00,"16,620.00"
2026-02-27,1493,2026022605011377,ULHC,4,6,32,554.00,"17,728.00"
2026-02-27,1494,2026022605011376,ULHC,4,39,60,554.00,"33,240.00"
2026-02-27,1495,2026022605011375,ULHC,4,7,100,553.90,"55,390.00"
2026-02-27,1496,2026022605011249,ULHC,39,49,10,552.10,"5,521.00"
2026-02-27,1497,2026022605011021,ULHC,58,38,41,552.00,"22,632.00"
2026-02-27,1498,2026022605011020,ULHC,39,38,59,553.00,"32,627.00"
2026-02-27,1499,2026022605011285,USHL,39,42,30,713.00,"21,390.00"
2026-02-27,1500,2026022605011076,USHL,49,38,10,714.00,"7,140.00"
2026-02-27,1501,2026022605010727,AHL,58,54,150,493.00,"73,950.00"
2026-02-27,1502,2026022605010603,AHL,22,22,6,492.00,"2,952.00"
2026-02-27,1503,2026022605010550,AHL,4,38,40,492.00,"19,680.00"
2026-02-27,1504,2026022605010938,BEDC,55,56,63,511.00,"32,193.00"
2026-02-27,1505,2026022605010937,BEDC,58,56,40,511.00,"20,440.00"
2026-02-27,1506,2026022605010887,BEDC,58,57,10,511.00,"5,110.00"
2026-02-27,1507,2026022605010879,BEDC,79,57,50,512.50,"25,625.00"
2026-02-27,1508,2026022605010733,BEDC,55,74,10,510.20,"5,102.00"
