date,sn,contract_no,stock_symbol,buyer,seller,quantity,rate,amount
2026-05-09,1,2026050805010951,AHL,56,45,187,524.00,"97,988.00"
2026-05-09,2,2026050805010950,AHL,56,38,80,524.00,"41,920.00"
2026-05-09,3,2026050805010949,AHL,56,11,30,523.00,"15,690.00"
2026-05-09,4,2026050805010948,AHL,56,33,200,520.00,"104,000.00"
2026-05-09,5,2026050805010947,AHL,56,76,20,520.00,"10,400.00"
2026-05-09,6,2026050805010946,AHL,56,49,10,520.00,"5,200.00"
2026-05-09,7,2026050805010641,AHL,56,35,500,517.00,"258,500.00"
2026-05-09,8,2026050805010945,AHL,56,58,10,520.00,"5,200.00"
2026-05-09,9,2026050805010944,AHL,56,74,693,520.00,"360,360.00"
2026-05-09,10,2026050805010943,AHL,56,57,200,519.00,"103,800.00"
2026-05-09,11,2026050805010942,AHL,56,26,70,518.90,"36,323.00"
2026-05-09,12,2026050805010795,AHL,56,45,100,517.00,"51,700.00"
2026-05-09,13,2026050805010709,AHL,56,6,50,517.00,"25,850.00"
2026-05-09,14,2026050805010895,BEDC,58,32,100,360.00,"36,000.00"
2026-05-09,15,2026050805010894,BEDC,58,58,100,360.00,"36,000.00"
2026-05-09,16,2026050805010893,BEDC,58,52,180,360.00,"64,800.00"
2026-05-09,17,2026050805010892,BEDC,58,83,625,359.90,"224,937.50"
2026-05-09,18,2026050805010891,BEDC,58,47,45,359.00,"16,155.00"
2026-05-09,19,2026050805010551,BEDC,70,83,100,359.90,"35,990.00"
2026-05-09,20,2026050805010831,BEDC,58,47,100,359.00,"35,900.00"
2026-05-09,21,2026050805010830,BEDC,36,47,100,359.80,"35,980.00"
2026-05-09,22,2026050805010784,BEDC,18,53,100,359.80,"35,980.00"
2026-05-09,23,2026050805010747,BEDC,58,53,100,359.80,"35,980.00"
2026-05-09,24,2026050805010858,BGWT,47,58,56,657.00,"36,792.00"
2026-05-09,25,2026050805010857,BGWT,47,96,20,655.00,"13,100.00"
2026-05-09,26,2026050805010856,BGWT,47,57,100,654.00,"65,400.00"
2026-05-09,27,2026050805010855,BGWT,47,74,300,654.00,"196,200.00"
2026-05-09,28,2026050805010854,BGWT,47,35,94,653.90,"61,466.60"
2026-05-09,29,2026050805010853,BGWT,47,57,10,653.60,"6,536.00"
2026-05-09,30,2026050805010852,BGWT,47,6,20,650.90,"13,018.00"
2026-05-09,31,2026050805010897,BHDC,16,58,32,464.00,"14,848.00"
2026-05-09,32,2026050805010896,BHDC,16,1,260,464.00,"120,640.00"
2026-05-09,33,2026050805010832,BHDC,51,1,200,464.00,"92,800.00"
2026-05-09,34,2026050805010745,BHDC,38,1,130,464.00,"60,320.00"
2026-05-09,35,2026050805010744,BHDC,38,83,20,464.00,"9,280.00"
2026-05-09,36,2026050805010703,BHDC,65,83,20,464.00,"9,280.00"
2026-05-09,37,2026050805010702,BHDC,65,29,10,463.90,"4,639.00"
2026-05-09,38,2026050805010701,BHDC,65,29,20,463.80,"9,276.00"
2026-05-09,39,2026050805010700,BHDC,65,29,10,463.70,"4,637.00"
2026-05-09,40,2026050805010699,BHDC,65,29,30,463.70,"13,911.00"
2026-05-09,41,2026050805010698,BHDC,65,29,20,463.60,"9,272.00"
2026-05-09,42,2026050805010888,BHL,85,45,20,219.50,"4,390.00"
2026-05-09,43,2026050805010886,BHL,58,58,325,219.00,"71,175.00"
2026-05-09,44,2026050805010827,BHL,58,57,500,219.00,"109,500.00"
2026-05-09,45,2026050805010754,BHL,58,48,100,219.00,"21,900.00"
2026-05-09,46,2026050805010721,BHL,58,51,18,219.00,"3,942.00"
2026-05-09,47,2026050805010720,BHL,58,51,100,219.00,"21,900.00"
2026-05-09,48,2026050805010649,BHL,22,45,450,219.50,"98,775.00"
2026-05-09,49,2026050805010648,BHL,22,50,20,219.50,"4,390.00"
2026-05-09,50,2026050805010647,BHL,22,62,30,219.50,"6,585.00"
2026-05-09,51,2026050805010518,BHL,45,57,"1,000",219.00,"219,000.00"
2026-05-09,52,2026050805010517,BHL,17,62,150,219.50,"32,925.00"
2026-05-09,53,2026050805010470,BHL,45,36,500,219.00,"109,500.00"
2026-05-09,54,2026050805010719,BHL,45,51,100,219.00,"21,900.00"
2026-05-09,55,2026050805010718,BHL,3,51,100,219.00,"21,900.00"
2026-05-09,56,2026050805010717,BHL,7,51,100,219.00,"21,900.00"
2026-05-09,57,2026050805010716,BHL,45,51,110,219.00,"24,090.00"
2026-05-09,58,2026050805010713,BHL,41,45,200,219.50,"43,900.00"
2026-05-09,59,2026050805010665,BHL,32,45,50,219.50,"10,975.00"
2026-05-09,60,2026050805010711,BHPL,35,14,10,520.00,"5,200.00"
2026-05-09,61,2026050805010639,BNHC,38,63,40,322.00,"12,880.00"
2026-05-09,62,2026050805010931,CHDC,20,39,10,"2,299.00","22,990.00"
2026-05-09,63,2026050805010901,CHDC,42,21,66,"2,295.00","151,470.00"
2026-05-09,64,2026050805010900,CHDC,32,21,15,"2,295.50","34,432.50"
2026-05-09,65,2026050805010751,CHDC,58,76,100,"2,300.00","230,000.00"
2026-05-09,66,2026050805010548,CHDC,7,45,105,"2,300.00","241,500.00"
2026-05-09,67,2026050805010746,CIT,57,59,20,"1,770.00","35,400.00"
2026-05-09,68,2026050805010743,CIT,28,11,30,"1,771.00","53,130.00"
2026-05-09,69,2026050805010657,CIT,57,41,50,"1,770.00","88,500.00"
2026-05-09,70,2026050805010650,CLI,38,17,26,456.00,"11,856.00"
2026-05-09,71,2026050805010519,CLI,38,42,13,456.00,"5,928.00"
2026-05-09,72,2026050805010509,CLI,58,58,11,456.00,"5,016.00"
2026-05-09,73,2026050805010836,DOLTI,48,52,155,332.00,"51,460.00"
2026-05-09,74,2026050805010835,DOLTI,49,52,50,332.00,"16,600.00"
2026-05-09,75,2026050805010834,DOLTI,57,52,300,332.00,"99,600.00"
2026-05-09,76,2026050805010833,DOLTI,57,52,227,332.00,"75,364.00"
2026-05-09,77,2026050805010737,DOLTI,34,52,700,333.00,"233,100.00"
2026-05-09,78,2026050805010736,DOLTI,57,34,310,332.00,"102,920.00"
2026-05-09,79,2026050805010735,DOLTI,58,34,690,332.10,"229,149.00"
2026-05-09,80,2026050805010619,DOLTI,4,52,53,333.00,"17,649.00"
2026-05-09,81,2026050805010618,DOLTI,49,52,59,333.00,"19,647.00"
2026-05-09,82,2026050805010475,DOLTI,58,34,153,333.50,"51,025.50"
2026-05-09,83,2026050805010881,DORDI,13,81,500,269.20,"134,600.00"
2026-05-09,84,2026050805010826,DORDI,13,81,270,269.20,"72,684.00"
2026-05-09,85,2026050805010818,DORDI,13,58,230,269.20,"61,916.00"
2026-05-09,86,2026050805010725,DORDI,89,85,150,270.00,"40,500.00"
2026-05-09,87,2026050805010531,DORDI,38,85,40,270.00,"10,800.00"
2026-05-09,88,2026050805010524,DORDI,42,85,96,270.10,"25,929.60"
2026-05-09,89,2026050805010511,DORDI,42,16,904,270.10,"244,170.40"
2026-05-09,90,2026050805010510,DORDI,42,16,96,270.10,"25,929.60"
2026-05-09,91,2026050805010530,DORDI,16,85,50,270.00,"13,500.00"
2026-05-09,92,2026050805010529,DORDI,45,85,500,270.00,"135,000.00"
2026-05-09,93,2026050805010528,DORDI,42,85,200,270.00,"54,000.00"
2026-05-09,94,2026050805010527,DORDI,44,85,150,270.00,"40,500.00"
2026-05-09,95,2026050805010526,DORDI,57,85,20,270.00,"5,400.00"
2026-05-09,96,2026050805010525,DORDI,80,85,530,270.00,"143,100.00"
2026-05-09,97,2026050805010887,EHPL,39,43,10,384.00,"3,840.00"
2026-05-09,98,2026050805010875,EHPL,1,38,500,382.00,"191,000.00"
2026-05-09,99,2026050805010848,EHPL,39,43,10,384.00,"3,840.00"
2026-05-09,100,2026050805010813,EHPL,45,38,740,380.00,"281,200.00"
2026-05-09,101,2026050805010812,EHPL,49,38,50,380.10,"19,005.00"
2026-05-09,102,2026050805010811,EHPL,4,38,"1,000",380.10,"380,100.00"
2026-05-09,103,2026050805010538,EHPL,35,17,10,383.00,"3,830.00"
2026-05-09,104,2026050805010537,EHPL,35,52,40,381.00,"15,240.00"
2026-05-09,105,2026050805010804,EHPL,22,38,80,381.00,"30,480.00"
2026-05-09,106,2026050805010724,EHPL,25,43,30,384.00,"11,520.00"
2026-05-09,107,2026050805010658,EHPL,25,38,400,384.00,"153,600.00"
2026-05-09,108,2026050805010616,EHPL,25,28,40,384.00,"15,360.00"
2026-05-09,109,2026050805010615,EHPL,25,41,10,383.90,"3,839.00"
2026-05-09,110,2026050805010614,EHPL,25,17,20,383.00,"7,660.00"
2026-05-09,111,2026050805010810,EHPL,34,38,200,380.20,"76,040.00"
2026-05-09,112,2026050805010809,EHPL,14,38,200,380.50,"76,100.00"
2026-05-09,113,2026050805010808,EHPL,50,38,500,380.60,"190,300.00"
2026-05-09,114,2026050805010807,EHPL,45,38,30,380.70,"11,421.00"
2026-05-09,115,2026050805010806,EHPL,42,38,100,380.70,"38,070.00"
2026-05-09,116,2026050805010805,EHPL,45,38,100,380.80,"38,080.00"
2026-05-09,117,2026050805010865,ENL,52,45,61,885.00,"53,985.00"
2026-05-09,118,2026050805010687,ENL,56,42,10,894.00,"8,940.00"
2026-05-09,119,2026050805010771,GVL,42,48,200,489.00,"97,800.00"
2026-05-09,120,2026050805010655,GVL,42,8,185,490.00,"90,650.00"
2026-05-09,121,2026050805010967,HDL,58,58,108,"1,155.00","124,740.00"
2026-05-09,122,2026050805010966,HDL,58,57,100,"1,155.00","115,500.00"
2026-05-09,123,2026050805010965,HDL,58,42,200,"1,155.00","231,000.00"
2026-05-09,124,2026050805010964,HDL,58,42,42,"1,155.00","48,510.00"
2026-05-09,125,2026050805010899,HDL,42,42,100,"1,155.00","115,500.00"
2026-05-09,126,2026050805010756,HDL,6,48,50,"1,154.00","57,700.00"
2026-05-09,127,2026050805010755,HDL,41,48,10,"1,154.00","11,540.00"
2026-05-09,128,2026050805010750,HDL,42,42,33,"1,155.00","38,115.00"
2026-05-09,129,2026050805010710,HDL,37,42,300,"1,155.00","346,500.00"
2026-05-09,130,2026050805010691,HDL,41,22,10,"1,154.00","11,540.00"
2026-05-09,131,2026050805010604,HDL,45,39,18,"1,154.10","20,773.80"
2026-05-09,132,2026050805010757,HDL,46,48,40,"1,154.00","46,160.00"
2026-05-09,133,2026050805010496,HHL,10,70,20,374.90,"7,498.00"
2026-05-09,134,2026050805010490,HHL,58,57,10,375.00,"3,750.00"
2026-05-09,135,2026050805010586,HHL,82,70,290,373.50,"108,315.00"
2026-05-09,136,2026050805010500,HHL,58,70,"1,000",374.00,"374,000.00"
2026-05-09,137,2026050805010499,HHL,59,70,90,374.00,"33,660.00"
2026-05-09,138,2026050805010498,HHL,58,70,10,374.10,"3,741.00"
2026-05-09,139,2026050805010497,HHL,70,70,90,374.20,"33,678.00"
2026-05-09,140,2026050805010729,HIDCL,1,88,250,267.00,"66,750.00"
2026-05-09,141,2026050805010685,HIDCL,17,88,488,267.00,"130,296.00"
2026-05-09,142,2026050805010654,HIDCL,17,58,12,267.00,"3,204.00"
2026-05-09,143,2026050805010536,HIDCL,57,58,13,267.00,"3,471.00"
2026-05-09,144,2026050805010535,HIDCL,39,25,205,267.30,"54,796.50"
2026-05-09,145,2026050805010534,HIDCL,39,57,31,267.20,"8,283.20"
2026-05-09,146,2026050805010533,HIDCL,39,45,64,267.10,"17,094.40"
2026-05-09,147,2026050805010486,HIDCL,38,49,394,266.50,"105,001.00"
2026-05-09,148,2026050805010485,HIDCL,49,49,30,266.50,"7,995.00"
2026-05-09,149,2026050805010484,HIDCL,80,49,293,267.00,"78,231.00"
2026-05-09,150,2026050805010483,HIDCL,72,49,100,267.10,"26,710.00"
2026-05-09,151,2026050805010482,HIDCL,74,49,183,267.10,"48,879.30"
2026-05-09,152,2026050805010815,HRL,37,57,520,678.00,"352,560.00"
2026-05-09,153,2026050805010814,HRL,37,36,10,677.00,"6,770.00"
2026-05-09,154,2026050805010768,HRL,54,36,59,677.00,"39,943.00"
2026-05-09,155,2026050805010767,HRL,52,36,35,677.00,"23,695.00"
2026-05-09,156,2026050805010556,HRL,39,63,286,678.00,"193,908.00"
2026-05-09,157,2026050805010513,HRL,39,57,100,678.00,"67,800.00"
2026-05-09,158,2026050805010507,HRL,39,16,50,678.00,"33,900.00"
2026-05-09,159,2026050805010569,HRL,45,49,20,679.50,"13,590.00"
2026-05-09,160,2026050805010561,HRL,52,63,65,677.00,"44,005.00"
2026-05-09,161,2026050805010560,HRL,13,63,61,677.00,"41,297.00"
2026-05-09,162,2026050805010559,HRL,22,63,59,677.00,"39,943.00"
2026-05-09,163,2026050805010558,HRL,21,63,20,677.00,"13,540.00"
2026-05-09,164,2026050805010557,HRL,48,63,51,677.00,"34,527.00"
2026-05-09,165,2026050805010753,HRL,17,57,100,678.00,"67,800.00"
2026-05-09,166,2026050805010712,HRL,13,57,10,678.00,"6,780.00"
2026-05-09,167,2026050805010708,HRL,21,57,10,678.00,"6,780.00"
2026-05-09,168,2026050805010674,HRL,34,57,250,678.00,"169,500.00"
2026-05-09,169,2026050805010571,HRL,45,34,190,679.90,"129,181.00"
2026-05-09,170,2026050805010570,HRL,45,74,40,679.60,"27,184.00"
2026-05-09,171,2026050805010879,IHL,20,57,723,394.20,"285,006.60"
2026-05-09,172,2026050805010860,IHL,49,57,50,395.00,"19,750.00"
2026-05-09,173,2026050805010859,IHL,58,57,11,395.00,"4,345.00"
2026-05-09,174,2026050805010602,IHL,58,34,24,395.00,"9,480.00"
2026-05-09,175,2026050805010601,IHL,22,34,36,395.00,"14,220.00"
2026-05-09,176,2026050805010653,ILI,32,45,50,437.50,"21,875.00"
2026-05-09,177,2026050805010554,ILI,35,45,200,437.50,"87,500.00"
2026-05-09,178,2026050805010738,KDBY,58,34,300,11.26,"3,378.00"
2026-05-09,179,2026050805010849,LUK,38,58,100,10.00,"1,000.00"
2026-05-09,180,2026050805010851,MAKAR,90,43,20,488.10,"9,762.00"
2026-05-09,181,2026050805010673,MANDU,65,43,20,808.20,"16,164.00"
2026-05-09,182,2026050805010672,MANDU,44,43,190,815.00,"154,850.00"
2026-05-09,183,2026050805010960,MBJC,56,8,20,282.20,"5,644.00"
2026-05-09,184,2026050805010867,MBJC,56,8,56,282.20,"15,803.20"
2026-05-09,185,2026050805010594,MBJC,6,58,630,282.50,"177,975.00"
2026-05-09,186,2026050805010593,MBJC,35,58,"1,212",282.70,"342,632.40"
2026-05-09,187,2026050805010732,MCHL,34,45,35,301.00,"10,535.00"
2026-05-09,188,2026050805010731,MCHL,47,45,50,301.00,"15,050.00"
2026-05-09,189,2026050805010730,MCHL,58,45,200,301.00,"60,200.00"
2026-05-09,190,2026050805010512,MEHL,94,74,500,381.00,"190,500.00"
2026-05-09,191,2026050805010801,MEL,21,59,10,236.30,"2,363.00"
2026-05-09,192,2026050805010800,MEL,22,59,10,236.30,"2,363.00"
2026-05-09,193,2026050805010726,MHCL,33,5,115,345.00,"39,675.00"
2026-05-09,194,2026050805010596,MHCL,33,34,10,345.00,"3,450.00"
2026-05-09,195,2026050805010568,MHCL,33,21,30,345.00,"10,350.00"
2026-05-09,196,2026050805010567,MHCL,33,34,30,345.00,"10,350.00"
2026-05-09,197,2026050805010566,MHCL,33,14,25,345.00,"8,625.00"
2026-05-09,198,2026050805010565,MHCL,33,14,10,345.00,"3,450.00"
2026-05-09,199,2026050805010564,MHCL,33,51,10,345.00,"3,450.00"
2026-05-09,200,2026050805010563,MHCL,33,52,10,345.00,"3,450.00"
2026-05-09,201,2026050805010562,MHCL,33,8,10,345.00,"3,450.00"
2026-05-09,202,2026050805010481,MHCL,33,48,10,344.00,"3,440.00"
2026-05-09,203,2026050805010480,MHCL,33,59,60,344.00,"20,640.00"
2026-05-09,204,2026050805010727,MHL,40,34,10,502.00,"5,020.00"
2026-05-09,205,2026050805010576,MHL,34,43,10,498.10,"4,981.00"
2026-05-09,206,2026050805010523,MHL,58,34,40,502.80,"20,112.00"
2026-05-09,207,2026050805010522,MHL,58,35,10,502.00,"5,020.00"
2026-05-09,208,2026050805010864,MKHC,42,39,90,316.00,"28,440.00"
2026-05-09,209,2026050805010863,MKHC,42,74,100,316.00,"31,600.00"
2026-05-09,210,2026050805010862,MKHC,42,43,960,316.00,"303,360.00"
2026-05-09,211,2026050805010861,MKHC,42,43,150,316.00,"47,400.00"
2026-05-09,212,2026050805010617,MKHC,59,43,40,316.00,"12,640.00"
2026-05-09,213,2026050805010532,MKHC,17,49,294,316.50,"93,051.00"
2026-05-09,214,2026050805010794,MKHL,51,17,30,516.50,"15,495.00"
2026-05-09,215,2026050805010782,MMKJL,89,48,10,490.00,"4,900.00"
2026-05-09,216,2026050805010781,MMKJL,89,58,10,490.00,"4,900.00"
2026-05-09,217,2026050805010780,MMKJL,89,42,10,490.00,"4,900.00"
2026-05-09,218,2026050805010779,MMKJL,89,5,10,490.00,"4,900.00"
2026-05-09,219,2026050805010778,MMKJL,89,58,103,489.90,"50,459.70"
2026-05-09,220,2026050805010777,MMKJL,89,51,250,489.00,"122,250.00"
2026-05-09,221,2026050805010502,MMKJL,42,44,20,483.00,"9,660.00"
2026-05-09,222,2026050805010776,MMKJL,89,21,10,488.80,"4,888.00"
2026-05-09,223,2026050805010775,MMKJL,89,51,250,488.00,"122,000.00"
2026-05-09,224,2026050805010774,MMKJL,89,49,10,488.00,"4,880.00"
2026-05-09,225,2026050805010773,MMKJL,89,44,200,487.00,"97,400.00"
2026-05-09,226,2026050805010772,MMKJL,89,74,125,485.00,"60,625.00"
2026-05-09,227,2026050805010675,MMKJL,58,44,50,483.00,"24,150.00"
2026-05-09,228,2026050805010723,MSHL,56,42,10,697.00,"6,970.00"
2026-05-09,229,2026050805010521,NBF3,76,58,"4,600",9.88,"45,448.00"
2026-05-09,230,2026050805010520,NBF3,76,33,200,9.88,"1,976.00"
2026-05-09,231,2026050805010880,NIFRA,48,41,300,264.20,"79,260.00"
2026-05-09,232,2026050805010878,NIFRA,34,41,300,264.20,"79,260.00"
2026-05-09,233,2026050805010866,NIFRA,39,41,200,264.20,"52,840.00"
2026-05-09,234,2026050805010612,NIFRA,17,58,64,264.00,"16,896.00"
2026-05-09,235,2026050805010611,NIFRA,17,39,63,264.00,"16,632.00"
2026-05-09,236,2026050805010610,NIFRA,17,52,400,264.00,"105,600.00"
2026-05-09,237,2026050805010609,NIFRA,17,57,128,264.00,"33,792.00"
2026-05-09,238,2026050805010505,NIFRA,50,57,72,264.00,"19,008.00"
2026-05-09,239,2026050805010504,NIFRA,50,42,28,264.00,"7,392.00"
2026-05-09,240,2026050805010501,NIFRA,51,42,16,264.00,"4,224.00"
2026-05-09,241,2026050805010963,NRIC,1,60,30,898.00,"26,940.00"
2026-05-09,242,2026050805010930,NRIC,21,60,10,898.00,"8,980.00"
2026-05-09,243,2026050805010929,NRIC,21,49,20,895.00,"17,900.00"
2026-05-09,244,2026050805010869,NRIC,62,19,3,887.00,"2,661.00"
2026-05-09,245,2026050805010715,NRIC,58,44,10,895.00,"8,950.00"
2026-05-09,246,2026050805010714,NRIC,42,44,10,895.00,"8,950.00"
2026-05-09,247,2026050805010469,NRIC,48,26,10,897.90,"8,979.00"
2026-05-09,248,2026050805010689,NRIC,62,16,3,886.00,"2,658.00"
2026-05-09,249,2026050805010659,NRIC,34,60,10,898.00,"8,980.00"
2026-05-09,250,2026050805010652,NRIC,52,60,50,898.00,"44,900.00"
2026-05-09,251,2026050805010651,NRIC,52,26,50,897.90,"44,895.00"
2026-05-09,252,2026050805010884,NRN,85,71,250,"1,399.00","349,750.00"
2026-05-09,253,2026050805010540,NRN,78,41,1,"1,380.00","1,380.00"
2026-05-09,254,2026050805010874,NRN,85,72,500,"1,399.00","699,500.00"
2026-05-09,255,2026050805010873,NRN,85,57,63,"1,399.00","88,137.00"
2026-05-09,256,2026050805010803,NRN,78,54,1,"1,390.00","1,390.00"
2026-05-09,257,2026050805010766,NRN,13,57,20,"1,399.00","27,980.00"
2026-05-09,258,2026050805010765,NRN,13,65,30,"1,399.00","41,970.00"
2026-05-09,259,2026050805010669,NSIF2,32,19,"3,900",10.98,"42,822.00"
2026-05-09,260,2026050805010597,NSIF2,32,35,100,10.95,"1,095.00"
2026-05-09,261,2026050805010506,NSIF2,32,48,"4,000",10.94,"43,760.00"
2026-05-09,262,2026050805010637,NTC,4,58,27,880.00,"23,760.00"
2026-05-09,263,2026050805010636,NTC,49,58,19,880.00,"16,720.00"
2026-05-09,264,2026050805010635,NTC,21,58,13,880.00,"11,440.00"
2026-05-09,265,2026050805010634,NTC,57,58,100,880.00,"88,000.00"
2026-05-09,266,2026050805010633,NTC,58,58,20,880.00,"17,600.00"
2026-05-09,267,2026050805010632,NTC,42,58,100,880.00,"88,000.00"
2026-05-09,268,2026050805010625,NTC,57,58,100,880.10,"88,010.00"
2026-05-09,269,2026050805010624,NTC,35,58,10,880.30,"8,803.00"
2026-05-09,270,2026050805010623,NTC,48,58,170,880.50,"149,685.00"
2026-05-09,271,2026050805010592,NTC,48,58,10,880.50,"8,805.00"
2026-05-09,272,2026050805010631,NTC,58,58,57,880.00,"50,160.00"
2026-05-09,273,2026050805010630,NTC,89,58,10,880.00,"8,800.00"
2026-05-09,274,2026050805010629,NTC,58,58,20,880.00,"17,600.00"
2026-05-09,275,2026050805010628,NTC,58,58,21,880.00,"18,480.00"
2026-05-09,276,2026050805010627,NTC,34,58,10,880.00,"8,800.00"
2026-05-09,277,2026050805010626,NTC,52,58,39,880.00,"34,320.00"
2026-05-09,278,2026050805010906,PHCL,81,49,110,307.90,"33,869.00"
2026-05-09,279,2026050805010905,PHCL,81,45,20,307.80,"6,156.00"
2026-05-09,280,2026050805010904,PHCL,81,34,10,307.50,"3,075.00"
2026-05-09,281,2026050805010903,PHCL,81,16,10,307.50,"3,075.00"
2026-05-09,282,2026050805010902,PHCL,81,75,100,307.10,"30,710.00"
2026-05-09,283,2026050805010817,PHCL,14,38,10,307.00,"3,070.00"
2026-05-09,284,2026050805010770,PHCL,14,62,50,307.00,"15,350.00"
2026-05-09,285,2026050805010734,PHCL,14,4,10,307.00,"3,070.00"
2026-05-09,286,2026050805010613,PHCL,14,65,100,307.00,"30,700.00"
2026-05-09,287,2026050805010555,PHCL,14,58,10,307.00,"3,070.00"
2026-05-09,288,2026050805010514,PHCL,6,38,"1,000",307.10,"307,100.00"
2026-05-09,289,2026050805010959,PPL,49,44,10,345.00,"3,450.00"
2026-05-09,290,2026050805010957,PPL,7,64,62,344.80,"21,377.60"
2026-05-09,291,2026050805010934,PPL,34,64,10,344.80,"3,448.00"
2026-05-09,292,2026050805010907,PPL,34,64,10,344.80,"3,448.00"
2026-05-09,293,2026050805010742,PPL,7,64,"3,888",344.80,"1,340,582.40"
2026-05-09,294,2026050805010741,PPL,7,42,112,344.00,"38,528.00"
2026-05-09,295,2026050805010668,PPL,58,42,83,344.00,"28,552.00"
2026-05-09,296,2026050805010870,PSF,66,11,100,12.35,"1,235.00"
2026-05-09,297,2026050805010645,RAWA,10,10,40,595.00,"23,800.00"
2026-05-09,298,2026050805010646,RAWA,10,42,10,595.00,"5,950.00"
2026-05-09,299,2026050805010952,RFPL,72,58,20,371.40,"7,428.00"
2026-05-09,300,2026050805010783,RFPL,58,8,10,371.00,"3,710.00"
2026-05-09,301,2026050805010749,RFPL,94,59,290,370.00,"107,300.00"
2026-05-09,302,2026050805010733,RFPL,94,6,80,370.00,"29,600.00"
2026-05-09,303,2026050805010643,RFPL,94,34,250,370.00,"92,500.00"
2026-05-09,304,2026050805010642,RFPL,94,49,243,370.00,"89,910.00"
2026-05-09,305,2026050805010587,RFPL,57,49,125,370.00,"46,250.00"
2026-05-09,306,2026050805010539,RFPL,49,49,200,370.00,"74,000.00"
2026-05-09,307,2026050805010491,RFPL,25,49,100,370.00,"37,000.00"
2026-05-09,308,2026050805010928,RHGCL,66,72,295,297.00,"87,615.00"
2026-05-09,309,2026050805010927,RHGCL,66,42,"1,000",296.00,"296,000.00"
2026-05-09,310,2026050805010926,RHGCL,66,42,305,296.00,"90,280.00"
2026-05-09,311,2026050805010925,RHGCL,66,25,100,296.00,"29,600.00"
2026-05-09,312,2026050805010924,RHGCL,66,16,20,295.90,"5,918.00"
2026-05-09,313,2026050805010923,RHGCL,66,58,220,295.90,"65,098.00"
2026-05-09,314,2026050805010910,RHGCL,66,45,20,294.00,"5,880.00"
2026-05-09,315,2026050805010909,RHGCL,66,54,155,294.00,"45,570.00"
2026-05-09,316,2026050805010908,RHGCL,66,26,90,294.00,"26,460.00"
2026-05-09,317,2026050805010890,RHGCL,58,26,10,294.00,"2,940.00"
2026-05-09,318,2026050805010829,RHGCL,63,26,300,294.00,"88,200.00"
2026-05-09,319,2026050805010828,RHGCL,63,25,200,294.00,"58,800.00"
2026-05-09,320,2026050805010916,RHGCL,66,56,10,295.00,"2,950.00"
2026-05-09,321,2026050805010915,RHGCL,66,41,100,295.00,"29,500.00"
2026-05-09,322,2026050805010914,RHGCL,66,58,20,295.00,"5,900.00"
2026-05-09,323,2026050805010913,RHGCL,66,52,100,295.00,"29,500.00"
2026-05-09,324,2026050805010912,RHGCL,66,58,20,295.00,"5,900.00"
2026-05-09,325,2026050805010911,RHGCL,66,57,40,295.00,"11,800.00"
2026-05-09,326,2026050805010922,RHGCL,66,32,10,295.50,"2,955.00"
2026-05-09,327,2026050805010921,RHGCL,66,57,170,295.00,"50,150.00"
2026-05-09,328,2026050805010920,RHGCL,66,26,105,295.00,"30,975.00"
2026-05-09,329,2026050805010919,RHGCL,66,42,"1,000",295.00,"295,000.00"
2026-05-09,330,2026050805010918,RHGCL,66,35,200,295.00,"59,000.00"
2026-05-09,331,2026050805010917,RHGCL,66,44,20,295.00,"5,900.00"
2026-05-09,332,2026050805010958,RNLI,88,32,40,462.00,"18,480.00"
2026-05-09,333,2026050805010575,RNLI,88,66,286,462.00,"132,132.00"
2026-05-09,334,2026050805010574,RNLI,43,66,64,462.20,"29,580.80"
2026-05-09,335,2026050805010573,RNLI,88,66,428,462.30,"197,864.40"
2026-05-09,336,2026050805010572,RNLI,21,66,222,462.70,"102,719.40"
2026-05-09,337,2026050805010885,RNLI,88,11,12,462.00,"5,544.00"
2026-05-09,338,2026050805010769,SAGF,14,37,"24,420",10.15,"247,863.00"
2026-05-09,339,2026050805010898,SAHAS,57,42,20,627.80,"12,556.00"
2026-05-09,340,2026050805010876,SAHAS,16,26,13,627.10,"8,152.30"
2026-05-09,341,2026050805010847,SAHAS,34,40,116,628.00,"72,848.00"
2026-05-09,342,2026050805010846,SAHAS,34,72,325,628.00,"204,100.00"
2026-05-09,343,2026050805010845,SAHAS,34,57,100,628.00,"62,800.00"
2026-05-09,344,2026050805010844,SAHAS,34,58,60,628.00,"37,680.00"
2026-05-09,345,2026050805010552,SAHAS,42,57,12,627.80,"7,533.60"
2026-05-09,346,2026050805010487,SAHAS,42,46,13,627.80,"8,161.40"
2026-05-09,347,2026050805010670,SAHAS,16,58,13,627.10,"8,152.30"
2026-05-09,348,2026050805010638,SAHAS,14,1,13,627.00,"8,151.00"
2026-05-09,349,2026050805010605,SAHAS,58,74,100,627.90,"62,790.00"
2026-05-09,350,2026050805010591,SAHAS,13,74,212,627.90,"133,114.80"
2026-05-09,351,2026050805010590,SAHAS,13,16,100,627.90,"62,790.00"
2026-05-09,352,2026050805010589,SAHAS,13,57,488,627.80,"306,366.40"
2026-05-09,353,2026050805010837,SAHAS,34,74,136,627.90,"85,394.40"
2026-05-09,354,2026050805010787,SAHAS,3,74,540,627.90,"339,066.00"
2026-05-09,355,2026050805010786,SAHAS,34,74,135,627.90,"84,766.50"
2026-05-09,356,2026050805010785,SAHAS,34,58,65,627.80,"40,807.00"
2026-05-09,357,2026050805010748,SAHAS,16,57,220,627.10,"137,962.00"
2026-05-09,358,2026050805010688,SAHAS,16,17,100,627.10,"62,710.00"
2026-05-09,359,2026050805010843,SAHAS,34,45,50,628.00,"31,400.00"
2026-05-09,360,2026050805010842,SAHAS,34,49,13,628.00,"8,164.00"
2026-05-09,361,2026050805010841,SAHAS,34,49,13,628.00,"8,164.00"
2026-05-09,362,2026050805010840,SAHAS,34,7,10,628.00,"6,280.00"
2026-05-09,363,2026050805010839,SAHAS,34,34,77,627.90,"48,348.30"
2026-05-09,364,2026050805010838,SAHAS,34,16,100,627.90,"62,790.00"
2026-05-09,365,2026050805010956,SANVI,39,45,10,684.00,"6,840.00"
2026-05-09,366,2026050805010764,SANVI,44,34,150,676.30,"101,445.00"
2026-05-09,367,2026050805010763,SANVI,85,34,500,677.00,"338,500.00"
2026-05-09,368,2026050805010762,SANVI,45,34,70,677.00,"47,390.00"
2026-05-09,369,2026050805010761,SANVI,49,34,100,678.00,"67,800.00"
2026-05-09,370,2026050805010760,SANVI,36,34,130,678.00,"88,140.00"
2026-05-09,371,2026050805010759,SANVI,58,34,40,678.10,"27,124.00"
2026-05-09,372,2026050805010758,SANVI,36,34,10,678.20,"6,782.00"
2026-05-09,373,2026050805010707,SANVI,36,51,220,678.20,"149,204.00"
2026-05-09,374,2026050805010706,SANVI,36,51,250,678.30,"169,575.00"
2026-05-09,375,2026050805010705,SANVI,35,51,30,678.50,"20,355.00"
2026-05-09,376,2026050805010941,SFMF,57,45,"10,000",10.40,"104,000.00"
2026-05-09,377,2026050805010740,SGHC,52,20,490,365.90,"179,291.00"
2026-05-09,378,2026050805010474,SGHC,52,45,10,362.00,"3,620.00"
2026-05-09,379,2026050805010868,SHIVM,74,41,100,676.80,"67,680.00"
2026-05-09,380,2026050805010850,SHIVM,14,57,75,676.00,"50,700.00"
2026-05-09,381,2026050805010690,SHIVM,14,16,80,676.00,"54,080.00"
2026-05-09,382,2026050805010684,SHIVM,66,13,20,676.90,"13,538.00"
2026-05-09,383,2026050805010683,SHIVM,66,7,40,676.80,"27,072.00"
2026-05-09,384,2026050805010682,SHIVM,66,49,20,676.50,"13,530.00"
2026-05-09,385,2026050805010489,SHIVM,66,45,277,675.00,"186,975.00"
2026-05-09,386,2026050805010488,SHIVM,35,45,38,675.00,"25,650.00"
2026-05-09,387,2026050805010681,SHIVM,66,36,235,676.00,"158,860.00"
2026-05-09,388,2026050805010680,SHIVM,66,64,165,676.00,"111,540.00"
2026-05-09,389,2026050805010662,SHIVM,25,64,100,676.00,"67,600.00"
2026-05-09,390,2026050805010661,SHIVM,57,64,62,676.00,"41,912.00"
2026-05-09,391,2026050805010660,SHIVM,57,4,38,676.00,"25,688.00"
2026-05-09,392,2026050805010503,SHIVM,66,64,100,675.00,"67,500.00"
2026-05-09,393,2026050805010728,SIKLES,58,44,72,577.90,"41,608.80"
2026-05-09,394,2026050805010697,SIKLES,21,59,10,576.00,"5,760.00"
2026-05-09,395,2026050805010495,SIKLES,42,14,13,575.30,"7,478.90"
2026-05-09,396,2026050805010494,SIKLES,58,14,17,575.30,"9,780.10"
2026-05-09,397,2026050805010493,SIKLES,57,14,30,575.30,"17,259.00"
2026-05-09,398,2026050805010492,SIKLES,54,14,10,575.40,"5,754.00"
2026-05-09,399,2026050805010667,SMATA,58,45,130,775.00,"100,750.00"
2026-05-09,400,2026050805010666,SMATA,34,45,10,775.00,"7,750.00"
2026-05-09,401,2026050805010933,SMH,16,58,142,572.10,"81,238.20"
2026-05-09,402,2026050805010932,SMH,33,58,18,572.20,"10,299.60"
2026-05-09,403,2026050805010889,SMH,6,47,10,573.00,"5,730.00"
2026-05-09,404,2026050805010640,SMH,33,53,18,572.10,"10,297.80"
2026-05-09,405,2026050805010968,SMHL,48,33,10,497.60,"4,976.00"
2026-05-09,406,2026050805010955,SMHL,49,33,10,497.60,"4,976.00"
2026-05-09,407,2026050805010752,SMHL,41,74,75,497.00,"37,275.00"
2026-05-09,408,2026050805010739,SMHL,4,34,415,496.20,"205,923.00"
2026-05-09,409,2026050805010671,SMHL,58,74,25,497.00,"12,425.00"
2026-05-09,410,2026050805010543,SMHL,26,33,"1,000",497.60,"497,600.00"
2026-05-09,411,2026050805010479,SMHL,32,33,725,497.60,"360,760.00"
2026-05-09,412,2026050805010478,SMHL,32,44,100,497.50,"49,750.00"
2026-05-09,413,2026050805010477,SMHL,32,1,100,497.00,"49,700.00"
2026-05-09,414,2026050805010476,SMHL,32,47,75,496.30,"37,222.50"
2026-05-09,415,2026050805010472,SMHL,58,47,525,496.30,"260,557.50"
2026-05-09,416,2026050805010471,SMHL,48,47,100,496.30,"49,630.00"
2026-05-09,417,2026050805010877,SMJC,35,50,23,440.00,"10,120.00"
2026-05-09,418,2026050805010816,SMJC,42,50,10,440.00,"4,400.00"
2026-05-09,419,2026050805010473,SMJC,22,43,10,437.20,"4,372.00"
2026-05-09,420,2026050805010961,SONA,48,48,10,437.10,"4,371.00"
2026-05-09,421,2026050805010704,SONA,19,49,10,437.00,"4,370.00"
2026-05-09,422,2026050805010644,SONA,19,56,30,437.00,"13,110.00"
2026-05-09,423,2026050805010603,SONA,19,22,10,437.00,"4,370.00"
2026-05-09,424,2026050805010542,SONA,19,45,10,437.00,"4,370.00"
2026-05-09,425,2026050805010622,SPC,57,4,72,459.50,"33,084.00"
2026-05-09,426,2026050805010621,SPC,57,43,30,459.40,"13,782.00"
2026-05-09,427,2026050805010620,SPC,57,68,48,459.30,"22,046.40"
2026-05-09,428,2026050805010600,SPC,42,43,100,459.00,"45,900.00"
2026-05-09,429,2026050805010599,SPC,19,43,300,459.00,"137,700.00"
2026-05-09,430,2026050805010696,SPHL,34,13,20,512.00,"10,240.00"
2026-05-09,431,2026050805010695,SPHL,34,22,10,512.00,"5,120.00"
2026-05-09,432,2026050805010550,SPHL,28,47,45,507.00,"22,815.00"
2026-05-09,433,2026050805010549,SPHL,44,47,50,508.00,"25,400.00"
2026-05-09,434,2026050805010656,SPL,42,34,15,700.00,"10,500.00"
2026-05-09,435,2026050805010664,STC,16,45,10,"5,800.00","58,000.00"
2026-05-09,436,2026050805010663,STC,16,14,10,"5,800.00","58,000.00"
2026-05-09,437,2026050805010679,TAMOR,72,34,852,433.70,"369,512.40"
2026-05-09,438,2026050805010678,TAMOR,72,90,60,433.70,"26,022.00"
2026-05-09,439,2026050805010677,TAMOR,72,51,10,432.90,"4,329.00"
2026-05-09,440,2026050805010676,TAMOR,72,72,478,432.90,"206,926.20"
2026-05-09,441,2026050805010546,TAMOR,16,80,345,431.00,"148,695.00"
2026-05-09,442,2026050805010545,TAMOR,8,80,40,431.10,"17,244.00"
2026-05-09,443,2026050805010544,TAMOR,29,80,15,432.00,"6,480.00"
2026-05-09,444,2026050805010802,TPC,38,58,100,367.00,"36,700.00"
2026-05-09,445,2026050805010694,TPC,6,45,643,366.00,"235,338.00"
2026-05-09,446,2026050805010693,TPC,22,45,20,366.00,"7,320.00"
2026-05-09,447,2026050805010692,TPC,84,45,337,366.00,"123,342.00"
2026-05-09,448,2026050805010595,TPC,42,58,266,367.00,"97,622.00"
2026-05-09,449,2026050805010872,TVCL,14,17,10,561.00,"5,610.00"
2026-05-09,450,2026050805010871,TVCL,14,45,10,546.00,"5,460.00"
2026-05-09,451,2026050805010585,TVCL,14,58,20,561.30,"11,226.00"
2026-05-09,452,2026050805010584,TVCL,14,58,10,561.30,"5,613.00"
2026-05-09,453,2026050805010583,TVCL,14,58,21,561.00,"11,781.00"
2026-05-09,454,2026050805010582,TVCL,14,58,500,561.00,"280,500.00"
2026-05-09,455,2026050805010581,TVCL,14,57,50,561.00,"28,050.00"
2026-05-09,456,2026050805010580,TVCL,14,44,300,560.00,"168,000.00"
2026-05-09,457,2026050805010579,TVCL,14,62,50,559.90,"27,995.00"
2026-05-09,458,2026050805010578,TVCL,14,62,500,545.00,"272,500.00"
2026-05-09,459,2026050805010577,TVCL,14,51,10,544.90,"5,449.00"
2026-05-09,460,2026050805010883,UHEWA,45,44,115,564.10,"64,871.50"
2026-05-09,461,2026050805010882,UHEWA,6,44,25,565.00,"14,125.00"
2026-05-09,462,2026050805010819,UHEWA,57,52,220,566.00,"124,520.00"
2026-05-09,463,2026050805010722,UHEWA,57,52,10,566.00,"5,660.00"
2026-05-09,464,2026050805010547,UHEWA,57,52,10,566.00,"5,660.00"
2026-05-09,465,2026050805010541,UHEWA,92,52,200,566.00,"113,200.00"
2026-05-09,466,2026050805010954,ULHC,56,42,10,510.00,"5,100.00"
2026-05-09,467,2026050805010953,ULHC,56,56,10,507.00,"5,070.00"
2026-05-09,468,2026050805010508,ULHC,56,6,100,505.60,"50,560.00"
2026-05-09,469,2026050805010553,USHEC,58,47,10,494.50,"4,945.00"
2026-05-09,470,2026050805010516,USHEC,59,52,10,486.10,"4,861.00"
2026-05-09,471,2026050805010962,USHL,85,41,11,640.00,"7,040.00"
2026-05-09,472,2026050805010940,USHL,34,41,10,640.00,"6,400.00"
2026-05-09,473,2026050805010939,USHL,34,52,50,640.00,"32,000.00"
2026-05-09,474,2026050805010938,USHL,34,42,10,639.00,"6,390.00"
2026-05-09,475,2026050805010937,USHL,34,14,19,630.00,"11,970.00"
2026-05-09,476,2026050805010936,USHL,34,77,199,628.00,"124,972.00"
2026-05-09,477,2026050805010608,USHL,18,77,100,628.50,"62,850.00"
2026-05-09,478,2026050805010607,USHL,18,77,100,628.50,"62,850.00"
2026-05-09,479,2026050805010606,USHL,58,77,100,628.50,"62,850.00"
2026-05-09,480,2026050805010598,USHL,14,14,200,630.00,"126,000.00"
2026-05-09,481,2026050805010515,USHL,38,44,38,635.00,"24,130.00"
2026-05-09,482,2026050805010820,USHL,44,34,130,621.00,"80,730.00"
2026-05-09,483,2026050805010799,USHL,44,14,370,621.00,"229,770.00"
2026-05-09,484,2026050805010798,USHL,34,14,50,621.00,"31,050.00"
2026-05-09,485,2026050805010797,USHL,99,14,50,621.70,"31,085.00"
2026-05-09,486,2026050805010796,USHL,32,14,30,622.00,"18,660.00"
2026-05-09,487,2026050805010686,USHL,83,77,20,628.00,"12,560.00"
2026-05-09,488,2026050805010935,USHL,34,44,12,626.00,"7,512.00"
2026-05-09,489,2026050805010825,USHL,58,34,13,620.00,"8,060.00"
2026-05-09,490,2026050805010824,USHL,29,34,30,620.00,"18,600.00"
2026-05-09,491,2026050805010823,USHL,58,34,32,620.10,"19,843.20"
2026-05-09,492,2026050805010822,USHL,14,34,30,620.20,"18,606.00"
2026-05-09,493,2026050805010821,USHL,58,34,65,620.20,"40,313.00"
2026-05-09,494,2026050805010793,VLUCL,35,58,10,485.00,"4,850.00"
2026-05-09,495,2026050805010792,VLUCL,35,11,70,484.00,"33,880.00"
2026-05-09,496,2026050805010791,VLUCL,35,17,22,483.00,"10,626.00"
2026-05-09,497,2026050805010790,VLUCL,35,34,12,480.00,"5,760.00"
2026-05-09,498,2026050805010789,VLUCL,35,58,10,480.00,"4,800.00"
2026-05-09,499,2026050805010788,VLUCL,35,36,10,480.00,"4,800.00"
2026-05-09,500,2026050805010588,VLUCL,32,36,10,480.00,"4,800.00"
2026-05-09,501,2026050805010450,AHL,56,74,90,520.00,"46,800.00"
2026-05-09,502,2026050805010449,AHL,56,7,10,519.90,"5,199.00"
2026-05-09,503,2026050805010398,AHL,56,34,150,517.00,"77,550.00"
2026-05-09,504,2026050805010368,AHL,17,7,190,519.90,"98,781.00"
2026-05-09,505,2026050805010367,AHL,17,39,310,518.90,"160,859.00"
2026-05-09,506,2026050805010363,AHL,56,34,100,517.00,"51,700.00"
2026-05-09,507,2026050805010288,AHL,56,89,20,517.00,"10,340.00"
2026-05-09,508,2026050805010254,BBC,42,47,10,"4,795.00","47,950.00"
2026-05-09,509,2026050805010410,BEDC,17,83,275,359.90,"98,972.50"
2026-05-09,510,2026050805010409,BEDC,17,21,25,359.50,"8,987.50"
2026-05-09,511,2026050805010333,BEDC,70,52,"1,300",360.00,"468,000.00"
2026-05-09,512,2026050805010025,BEDC,17,52,150,360.00,"54,000.00"
2026-05-09,513,2026050805010298,BEDC,70,52,"1,300",360.00,"468,000.00"
2026-05-09,514,2026050805010262,BEDC,57,17,13,358.00,"4,654.00"
2026-05-09,515,2026050805010261,BEDC,70,52,900,360.00,"324,000.00"
2026-05-09,516,2026050805010260,BEDC,70,71,400,359.90,"143,960.00"
2026-05-09,517,2026050805010255,BGWT,29,16,11,648.00,"7,128.00"
2026-05-09,518,2026050805010426,BGWT,47,43,49,650.00,"31,850.00"
2026-05-09,519,2026050805010425,BGWT,47,22,100,650.00,"65,000.00"
2026-05-09,520,2026050805010424,BGWT,47,57,11,649.00,"7,139.00"
2026-05-09,521,2026050805010362,BHDC,59,29,30,463.50,"13,905.00"
2026-05-09,522,2026050805010361,BHDC,59,29,10,463.50,"4,635.00"
2026-05-09,523,2026050805009971,BHDC,38,52,1,450.00,450.00
2026-05-09,524,2026050805010435,BHL,45,28,500,219.00,"109,500.00"
2026-05-09,525,2026050805010378,BHL,45,17,250,219.00,"54,750.00"
2026-05-09,526,2026050805010377,BHL,45,26,20,219.00,"4,380.00"
2026-05-09,527,2026050805010376,BHL,45,58,770,219.00,"168,630.00"
2026-05-09,528,2026050805010352,BHL,58,58,50,219.00,"10,950.00"
2026-05-09,529,2026050805010320,BHL,52,58,600,219.00,"131,400.00"
2026-05-09,530,2026050805010069,BHL,74,58,50,219.00,"10,950.00"
2026-05-09,531,2026050805010068,BHL,62,58,85,219.00,"18,615.00"
2026-05-09,532,2026050805009995,BHL,62,47,15,219.00,"3,285.00"
2026-05-09,533,2026050805009994,BHL,89,47,35,219.00,"7,665.00"
2026-05-09,534,2026050805009976,BHL,35,17,50,219.50,"10,975.00"
2026-05-09,535,2026050805010122,BHL,42,58,"2,000",219.00,"438,000.00"
2026-05-09,536,2026050805010116,BHL,57,58,10,219.00,"2,190.00"
2026-05-09,537,2026050805010091,BHL,42,58,"1,000",219.00,"219,000.00"
2026-05-09,538,2026050805010072,BHL,35,58,100,219.00,"21,900.00"
2026-05-09,539,2026050805010071,BHL,43,58,45,219.00,"9,855.00"
2026-05-09,540,2026050805010070,BHL,25,58,10,219.00,"2,190.00"
2026-05-09,541,2026050805010241,BHL,40,58,60,219.00,"13,140.00"
2026-05-09,542,2026050805010231,BHL,52,58,400,218.80,"87,520.00"
2026-05-09,543,2026050805010230,BHL,42,58,100,218.80,"21,880.00"
2026-05-09,544,2026050805010229,BHL,1,58,500,218.80,"109,400.00"
2026-05-09,545,2026050805010215,BHL,42,58,"2,000",219.00,"438,000.00"
2026-05-09,546,2026050805010187,BHL,58,58,"2,238",219.00,"490,122.00"
2026-05-09,547,2026050805010318,BHL,98,58,500,219.00,"109,500.00"
2026-05-09,548,2026050805010312,BHL,41,14,500,218.90,"109,450.00"
2026-05-09,549,2026050805010304,BHL,39,58,200,219.00,"43,800.00"
2026-05-09,550,2026050805010302,BHL,14,58,145,219.00,"31,755.00"
2026-05-09,551,2026050805010301,BHL,21,58,117,219.00,"25,623.00"
2026-05-09,552,2026050805010253,BHL,6,58,50,219.00,"10,950.00"
2026-05-09,553,2026050805010458,BHPL,35,6,50,520.00,"26,000.00"
2026-05-09,554,2026050805010096,BNHC,38,14,65,326.00,"21,190.00"
2026-05-09,555,2026050805010095,BNHC,38,89,125,325.00,"40,625.00"
2026-05-09,556,2026050805010055,BNHC,11,62,200,325.00,"65,000.00"
2026-05-09,557,2026050805010054,BNHC,66,62,100,325.00,"32,500.00"
2026-05-09,558,2026050805010053,BNHC,6,62,100,325.10,"32,510.00"
2026-05-09,559,2026050805010412,CHDC,7,34,150,"2,300.00","345,000.00"
2026-05-09,560,2026050805010396,CHDC,7,42,121,"2,300.00","278,300.00"
2026-05-09,561,2026050805010347,CHDC,7,58,12,"2,300.00","27,600.00"
2026-05-09,562,2026050805010265,CHDC,7,45,10,"2,300.00","23,000.00"
2026-05-09,563,2026050805010217,CHDC,7,39,100,"2,300.00","230,000.00"
2026-05-09,564,2026050805010064,CHDC,56,39,50,"2,300.10","115,005.00"
2026-05-09,565,2026050805009999,CHDC,75,49,100,"2,306.00","230,600.00"
2026-05-09,566,2026050805010439,CIT,44,59,25,"1,770.00","44,250.00"
2026-05-09,567,2026050805010259,CIT,49,59,55,"1,771.00","97,405.00"
2026-05-09,568,2026050805010063,CIT,58,36,1,"1,771.00","1,771.00"
2026-05-09,569,2026050805010062,CIT,46,41,10,"1,770.10","17,701.00"
2026-05-09,570,2026050805010000,CIT,44,59,16,"1,770.00","28,320.00"
2026-05-09,571,2026050805010200,CLI,14,49,76,456.10,"34,663.60"
2026-05-09,572,2026050805010114,CLI,91,58,3,455.00,"1,365.00"
2026-05-09,573,2026050805010006,CLI,21,32,13,457.00,"5,941.00"
2026-05-09,574,2026050805009985,CLI,14,58,13,456.10,"5,929.30"
2026-05-09,575,2026050805010390,DOLTI,49,34,41,333.00,"13,653.00"
2026-05-09,576,2026050805010374,DOLTI,16,34,35,333.00,"11,655.00"
2026-05-09,577,2026050805010242,DOLTI,42,34,10,333.00,"3,330.00"
2026-05-09,578,2026050805010216,DOLTI,17,34,500,333.00,"166,500.00"
2026-05-09,579,2026050805010126,DOLTI,57,34,13,332.00,"4,316.00"
2026-05-09,580,2026050805010125,DOLTI,57,19,450,332.00,"149,400.00"
2026-05-09,581,2026050805010056,DOLTI,43,67,50,332.00,"16,600.00"
2026-05-09,582,2026050805009990,DOLTI,89,34,414,333.00,"137,862.00"
2026-05-09,583,2026050805009989,DOLTI,89,34,36,333.00,"11,988.00"
2026-05-09,584,2026050805010124,DOLTI,44,19,50,332.00,"16,600.00"
2026-05-09,585,2026050805010061,DOLTI,51,67,165,331.50,"54,697.50"
2026-05-09,586,2026050805010060,DOLTI,11,67,100,331.50,"33,150.00"
2026-05-09,587,2026050805010059,DOLTI,38,67,25,331.50,"8,287.50"
2026-05-09,588,2026050805010058,DOLTI,34,67,100,331.60,"33,160.00"
2026-05-09,589,2026050805010057,DOLTI,39,67,70,331.70,"23,219.00"
2026-05-09,590,2026050805010380,DORDI,58,81,37,270.50,"10,008.50"
2026-05-09,591,2026050805010360,DORDI,67,81,800,270.50,"216,400.00"
2026-05-09,592,2026050805010359,DORDI,49,81,200,270.50,"54,100.00"
2026-05-09,593,2026050805010358,DORDI,57,81,600,270.50,"162,300.00"
2026-05-09,594,2026050805010357,DORDI,41,81,100,270.60,"27,060.00"
2026-05-09,595,2026050805010152,DORDI,28,58,10,271.00,"2,710.00"
2026-05-09,596,2026050805010042,DORDI,45,28,10,271.00,"2,710.00"
2026-05-09,597,2026050805010041,DORDI,45,51,20,271.00,"5,420.00"
2026-05-09,598,2026050805010040,DORDI,45,45,20,271.00,"5,420.00"
2026-05-09,599,2026050805010039,DORDI,45,4,20,271.00,"5,420.00"
2026-05-09,600,2026050805010038,DORDI,45,32,31,271.00,"8,401.00"
2026-05-09,601,2026050805010082,DORDI,48,58,60,271.00,"16,260.00"
2026-05-09,602,2026050805010081,DORDI,48,42,440,271.00,"119,240.00"
2026-05-09,603,2026050805010078,DORDI,13,42,200,271.00,"54,200.00"
2026-05-09,604,2026050805010045,DORDI,45,42,360,271.00,"97,560.00"
2026-05-09,605,2026050805010044,DORDI,45,43,20,271.00,"5,420.00"
2026-05-09,606,2026050805010043,DORDI,45,48,19,271.00,"5,149.00"
2026-05-09,607,2026050805010388,EHPL,57,52,100,381.00,"38,100.00"
2026-05-09,608,2026050805010387,EHPL,77,52,50,381.00,"19,050.00"
2026-05-09,609,2026050805010386,EHPL,57,52,10,381.00,"3,810.00"
2026-05-09,610,2026050805010385,EHPL,58,52,100,381.50,"38,150.00"
2026-05-09,611,2026050805010384,EHPL,38,52,200,381.60,"76,320.00"
2026-05-09,612,2026050805010383,EHPL,57,52,100,382.00,"38,200.00"
2026-05-09,613,2026050805010382,EHPL,45,52,100,382.10,"38,210.00"
2026-05-09,614,2026050805010226,GCIL,42,42,459,420.00,"192,780.00"
2026-05-09,615,2026050805010225,GCIL,42,49,170,419.90,"71,383.00"
2026-05-09,616,2026050805009969,GCIL,83,7,22,417.50,"9,185.00"
2026-05-09,617,2026050805010224,GCIL,42,48,177,419.80,"74,304.60"
2026-05-09,618,2026050805010223,GCIL,42,38,100,419.00,"41,900.00"
2026-05-09,619,2026050805010222,GCIL,42,14,12,418.00,"5,016.00"
2026-05-09,620,2026050805010221,GCIL,42,51,12,418.00,"5,016.00"
2026-05-09,621,2026050805010220,GCIL,42,41,25,418.00,"10,450.00"
2026-05-09,622,2026050805010415,HATHY,58,34,32,816.00,"26,112.00"
2026-05-09,623,2026050805009996,HDL,38,42,150,"1,155.00","173,250.00"
2026-05-09,624,2026050805010030,HDL,57,38,22,"1,153.00","25,366.00"
2026-05-09,625,2026050805010029,HDL,42,38,12,"1,153.50","13,842.00"
2026-05-09,626,2026050805010028,HDL,33,38,216,"1,153.60","249,177.60"
2026-05-09,627,2026050805010027,HDL,21,38,10,"1,154.00","11,540.00"
2026-05-09,628,2026050805010026,HDL,32,38,10,"1,154.00","11,540.00"
2026-05-09,629,2026050805010004,HDL,44,42,71,"1,155.00","82,005.00"
2026-05-09,630,2026050805010036,HDL,41,38,30,"1,153.00","34,590.00"
2026-05-09,631,2026050805010035,HDL,58,38,17,"1,153.00","19,601.00"
2026-05-09,632,2026050805010034,HDL,49,38,40,"1,153.00","46,120.00"
2026-05-09,633,2026050805010033,HDL,1,38,20,"1,153.00","23,060.00"
2026-05-09,634,2026050805010032,HDL,54,38,10,"1,153.00","11,530.00"
2026-05-09,635,2026050805010031,HDL,38,38,100,"1,153.00","115,300.00"
2026-05-09,636,2026050805010121,HDL,58,53,10,"1,154.00","11,540.00"
2026-05-09,637,2026050805010115,HDL,58,1,3,"1,154.00","3,462.00"
2026-05-09,638,2026050805010083,HDL,58,8,1,"1,150.00","1,150.00"
2026-05-09,639,2026050805010037,HDL,34,38,263,"1,153.00","303,239.00"
2026-05-09,640,2026050805010153,HDL,19,53,15,"1,154.00","17,310.00"
2026-05-09,641,2026050805010462,HHL,70,1,10,374.20,"3,742.00"
2026-05-09,642,2026050805010457,HHL,60,57,215,375.00,"80,625.00"
2026-05-09,643,2026050805010456,HHL,60,64,200,375.00,"75,000.00"
2026-05-09,644,2026050805010455,HHL,60,38,10,375.00,"3,750.00"
2026-05-09,645,2026050805010454,HHL,60,57,300,375.00,"112,500.00"
2026-05-09,646,2026050805010453,HHL,60,34,100,375.00,"37,500.00"
2026-05-09,647,2026050805010065,HHL,58,45,10,374.10,"3,741.00"
2026-05-09,648,2026050805010296,HHL,49,47,10,374.00,"3,740.00"
2026-05-09,649,2026050805010264,HHL,58,50,10,374.10,"3,741.00"
2026-05-09,650,2026050805010219,HHL,82,45,222,374.00,"83,028.00"
2026-05-09,651,2026050805010218,HHL,58,45,78,374.10,"29,179.80"
2026-05-09,652,2026050805010106,HHL,82,45,90,374.00,"33,660.00"
2026-05-09,653,2026050805010365,HHL,59,45,10,374.00,"3,740.00"
2026-05-09,654,2026050805010364,HHL,49,45,90,374.00,"33,660.00"
2026-05-09,655,2026050805010355,HHL,58,43,500,374.90,"187,450.00"
2026-05-09,656,2026050805010353,HHL,58,43,10,374.90,"3,749.00"
2026-05-09,657,2026050805010300,HHL,57,14,10,374.20,"3,742.00"
2026-05-09,658,2026050805010299,HHL,57,48,18,374.20,"6,735.60"
2026-05-09,659,2026050805010452,HHL,60,43,"1,175",374.90,"440,507.50"
2026-05-09,660,2026050805010441,HHL,95,43,850,374.90,"318,665.00"
2026-05-09,661,2026050805010440,HHL,95,45,150,374.80,"56,220.00"
2026-05-09,662,2026050805010461,HIDCL,74,41,50,267.10,"13,355.00"
2026-05-09,663,2026050805010416,HIDCL,74,35,240,267.10,"64,104.00"
2026-05-09,664,2026050805010389,HIDCL,80,35,600,267.00,"160,200.00"
2026-05-09,665,2026050805010329,HIDCL,80,40,107,267.00,"28,569.00"
2026-05-09,666,2026050805010328,HIDCL,39,40,35,267.00,"9,345.00"
2026-05-09,667,2026050805010313,HIDCL,39,44,150,267.00,"40,050.00"
2026-05-09,668,2026050805010295,HIDCL,74,57,134,267.20,"35,804.80"
2026-05-09,669,2026050805010294,HIDCL,74,88,840,267.20,"224,448.00"
2026-05-09,670,2026050805010293,HIDCL,74,47,26,267.20,"6,947.20"
2026-05-09,671,2026050805010250,HIDCL,39,38,115,267.00,"30,705.00"
2026-05-09,672,2026050805010005,HIDCL,58,47,74,267.20,"19,772.80"
2026-05-09,673,2026050805010467,HRL,39,34,30,678.00,"20,340.00"
2026-05-09,674,2026050805010466,HRL,39,16,10,678.00,"6,780.00"
2026-05-09,675,2026050805010465,HRL,39,13,24,678.00,"16,272.00"
2026-05-09,676,2026050805010433,HRL,48,19,50,677.00,"33,850.00"
2026-05-09,677,2026050805010397,HRL,48,16,200,677.00,"135,400.00"
2026-05-09,678,2026050805010014,HRL,50,57,403,677.00,"272,831.00"
2026-05-09,679,2026050805010011,HRL,45,57,20,677.00,"13,540.00"
2026-05-09,680,2026050805010010,HRL,4,57,77,677.00,"52,129.00"
2026-05-09,681,2026050805010049,HRL,47,38,20,679.70,"13,594.00"
2026-05-09,682,2026050805010048,HRL,47,59,80,679.70,"54,376.00"
2026-05-09,683,2026050805010047,HRL,42,59,20,679.70,"13,594.00"
2026-05-09,684,2026050805010046,HRL,42,7,50,679.60,"33,980.00"
2026-05-09,685,2026050805010016,HRL,50,49,20,679.50,"13,590.00"
2026-05-09,686,2026050805010015,HRL,50,16,77,677.00,"52,129.00"
2026-05-09,687,2026050805010104,HRL,48,32,200,679.80,"135,960.00"
2026-05-09,688,2026050805010103,HRL,48,32,100,679.80,"67,980.00"
2026-05-09,689,2026050805010102,HRL,48,49,30,679.70,"20,391.00"
2026-05-09,690,2026050805010101,HRL,48,38,80,679.70,"54,376.00"
2026-05-09,691,2026050805010100,HRL,48,33,10,679.60,"6,796.00"
2026-05-09,692,2026050805010050,HRL,42,38,100,679.70,"67,970.00"
2026-05-09,693,2026050805010246,HRL,45,16,30,677.00,"20,310.00"
2026-05-09,694,2026050805010202,HRL,45,57,10,676.00,"6,760.00"
2026-05-09,695,2026050805010171,HRL,38,16,11,677.00,"7,447.00"
2026-05-09,696,2026050805010170,HRL,38,25,89,677.00,"60,253.00"
2026-05-09,697,2026050805010169,HRL,49,25,11,678.00,"7,458.00"
2026-05-09,698,2026050805010105,HRL,48,34,80,679.90,"54,392.00"
2026-05-09,699,2026050805010350,HRL,62,13,76,678.00,"51,528.00"
2026-05-09,700,2026050805010349,HRL,62,49,124,678.00,"84,072.00"
2026-05-09,701,2026050805010327,HRL,21,49,13,678.00,"8,814.00"
2026-05-09,702,2026050805010317,HRL,48,45,100,677.00,"67,700.00"
2026-05-09,703,2026050805010311,HRL,48,19,40,677.00,"27,080.00"
2026-05-09,704,2026050805010309,HRL,48,16,59,677.00,"39,943.00"
2026-05-09,705,2026050805010403,IHL,22,36,64,395.00,"25,280.00"
2026-05-09,706,2026050805010402,IHL,48,36,200,395.00,"79,000.00"
2026-05-09,707,2026050805010401,IHL,51,36,216,395.10,"85,341.60"
2026-05-09,708,2026050805010400,IHL,42,36,20,396.00,"7,920.00"
2026-05-09,709,2026050805010132,IHL,51,48,80,395.10,"31,608.00"
2026-05-09,710,2026050805010131,IHL,39,48,10,395.20,"3,952.00"
2026-05-09,711,2026050805010130,IHL,42,48,80,397.00,"31,760.00"
2026-05-09,712,2026050805010120,ILI,32,45,31,438.00,"13,578.00"
2026-05-09,713,2026050805010119,ILI,32,14,12,438.00,"5,256.00"
2026-05-09,714,2026050805010118,ILI,32,51,12,438.00,"5,256.00"
2026-05-09,715,2026050805010117,ILI,32,42,10,438.00,"4,380.00"
2026-05-09,716,2026050805010067,LUK,58,25,456,10.14,"4,623.84"
2026-05-09,717,2026050805010369,MANDU,44,57,10,815.00,"8,150.00"
2026-05-09,718,2026050805010199,MANDU,4,6,10,815.00,"8,150.00"
2026-05-09,719,2026050805010198,MANDU,4,11,10,815.00,"8,150.00"
2026-05-09,720,2026050805010197,MANDU,4,38,10,812.00,"8,120.00"
2026-05-09,721,2026050805010464,MBJC,35,29,100,282.70,"28,270.00"
2026-05-09,722,2026050805010422,MBJC,35,1,200,282.70,"56,540.00"
2026-05-09,723,2026050805010348,MBJC,35,91,40,282.70,"11,308.00"
2026-05-09,724,2026050805010332,MBJC,35,41,55,282.70,"15,548.50"
2026-05-09,725,2026050805010331,MBJC,49,41,10,282.80,"2,828.00"
2026-05-09,726,2026050805010330,MBJC,49,41,10,282.90,"2,829.00"
2026-05-09,727,2026050805010292,MCHL,58,59,90,303.10,"27,279.00"
2026-05-09,728,2026050805010291,MCHL,58,41,10,303.00,"3,030.00"
2026-05-09,729,2026050805010257,MCHL,57,45,40,302.00,"12,080.00"
2026-05-09,730,2026050805010460,MEHL,34,57,10,380.00,"3,800.00"
2026-05-09,731,2026050805010232,MEHL,34,49,20,380.00,"7,600.00"
2026-05-09,732,2026050805010375,MEL,52,19,10,236.90,"2,369.00"
2026-05-09,733,2026050805010356,MHCL,57,38,10,343.00,"3,430.00"
2026-05-09,734,2026050805010079,MHCL,57,14,10,343.00,"3,430.00"
2026-05-09,735,2026050805010173,MHL,42,51,10,500.00,"5,000.00"
2026-05-09,736,2026050805010172,MHL,42,58,10,500.00,"5,000.00"
2026-05-09,737,2026050805009973,MHL,33,32,10,498.00,"4,980.00"
2026-05-09,738,2026050805010392,MKHC,17,16,176,316.50,"55,704.00"
2026-05-09,739,2026050805010391,MKHC,17,42,30,316.50,"9,495.00"
2026-05-09,740,2026050805010007,MKHC,49,42,10,316.50,"3,165.00"
2026-05-09,741,2026050805010417,MKHL,42,48,10,515.00,"5,150.00"
2026-05-09,742,2026050805010099,MKHL,42,51,10,514.00,"5,140.00"
2026-05-09,743,2026050805010098,MKHL,42,49,40,514.00,"20,560.00"
2026-05-09,744,2026050805009980,MKHL,58,49,10,514.00,"5,140.00"
2026-05-09,745,2026050805009988,MMKJL,36,44,30,483.00,"14,490.00"
2026-05-09,746,2026050805010423,MSHL,47,45,115,690.70,"79,430.50"
2026-05-09,747,2026050805010247,MSHL,62,42,50,697.00,"34,850.00"
2026-05-09,748,2026050805010012,MSHL,13,77,10,688.70,"6,887.00"
2026-05-09,749,2026050805010290,NBF3,76,33,200,9.80,"1,960.00"
2026-05-09,750,2026050805010408,NIFRA,4,42,10,264.00,"2,640.00"
2026-05-09,751,2026050805010405,NIFRA,47,44,29,263.90,"7,653.10"
2026-05-09,752,2026050805010404,NIFRA,7,44,25,263.90,"6,597.50"
2026-05-09,753,2026050805010326,NIFRA,4,14,20,264.00,"5,280.00"
2026-05-09,754,2026050805010325,NIFRA,4,28,64,264.00,"16,896.00"
2026-05-09,755,2026050805010324,NIFRA,4,35,53,264.00,"13,992.00"
2026-05-09,756,2026050805009987,NIFRA,22,36,75,263.50,"19,762.50"
2026-05-09,757,2026050805009986,NIFRA,22,8,54,263.50,"14,229.00"
2026-05-09,758,2026050805010174,NIFRA,14,50,32,263.90,"8,444.80"
2026-05-09,759,2026050805010127,NIFRA,22,50,271,263.90,"71,516.90"
2026-05-09,760,2026050805010097,NIFRA,26,50,100,263.90,"26,390.00"
2026-05-09,761,2026050805010094,NIFRA,4,8,54,263.60,"14,234.40"
2026-05-09,762,2026050805010092,NIFRA,4,44,54,263.60,"14,234.40"
2026-05-09,763,2026050805010024,NIFRA,58,50,252,263.90,"66,502.80"
2026-05-09,764,2026050805010251,NIFRA,58,35,41,264.00,"10,824.00"
2026-05-09,765,2026050805010245,NIFRA,3,35,106,264.00,"27,984.00"
2026-05-09,766,2026050805010244,NIFRA,3,38,64,264.00,"16,896.00"
2026-05-09,767,2026050805010243,NIFRA,3,22,200,264.00,"52,800.00"
2026-05-09,768,2026050805010235,NIFRA,7,50,10,263.90,"2,639.00"
2026-05-09,769,2026050805010213,NIFRA,26,50,50,263.90,"13,195.00"
2026-05-09,770,2026050805010381,NRIC,48,81,100,891.00,"89,100.00"
2026-05-09,771,2026050805010289,NRIC,54,44,91,891.10,"81,090.10"
2026-05-09,772,2026050805010151,NRIC,4,60,252,898.00,"226,296.00"
2026-05-09,773,2026050805010150,NRIC,4,74,20,898.00,"17,960.00"
2026-05-09,774,2026050805010149,NRIC,4,43,40,897.90,"35,916.00"
2026-05-09,775,2026050805010021,NRIC,35,101,10,894.80,"8,948.00"
2026-05-09,776,2026050805010020,NRIC,35,34,35,894.80,"31,318.00"
2026-05-09,777,2026050805009970,NRIC,16,34,15,894.80,"13,422.00"
2026-05-09,778,2026050805010142,NRIC,4,38,43,895.00,"38,485.00"
2026-05-09,779,2026050805010141,NRIC,4,49,50,895.00,"44,750.00"
2026-05-09,780,2026050805010140,NRIC,4,48,"2,000",895.00,"1,790,000.00"
2026-05-09,781,2026050805010139,NRIC,4,13,100,895.00,"89,500.00"
2026-05-09,782,2026050805010138,NRIC,4,19,170,895.00,"152,150.00"
2026-05-09,783,2026050805010137,NRIC,4,25,100,894.90,"89,490.00"
2026-05-09,784,2026050805010148,NRIC,4,54,50,897.80,"44,890.00"
2026-05-09,785,2026050805010147,NRIC,4,74,20,896.90,"17,938.00"
2026-05-09,786,2026050805010146,NRIC,4,56,20,896.80,"17,936.00"
2026-05-09,787,2026050805010145,NRIC,4,6,75,895.00,"67,125.00"
2026-05-09,788,2026050805010144,NRIC,4,34,50,895.00,"44,750.00"
2026-05-09,789,2026050805010143,NRIC,4,58,10,895.00,"8,950.00"
2026-05-09,790,2026050805010438,NRM,38,21,12,392.00,"4,704.00"
2026-05-09,791,2026050805010437,NRM,21,21,40,393.00,"15,720.00"
2026-05-09,792,2026050805010436,NRM,38,21,58,393.00,"22,794.00"
2026-05-09,793,2026050805010287,NRN,45,56,10,"1,395.00","13,950.00"
2026-05-09,794,2026050805010286,NRN,49,56,12,"1,395.00","16,740.00"
2026-05-09,795,2026050805010284,NRN,78,44,1,"1,385.00","1,385.00"
2026-05-09,796,2026050805010236,NRN,49,26,32,"1,395.00","44,640.00"
2026-05-09,797,2026050805009972,NRN,41,26,30,"1,398.00","41,940.00"
2026-05-09,798,2026050805010129,NRN,34,26,20,"1,396.00","27,920.00"
2026-05-09,799,2026050805010066,NRN,69,28,1,"1,356.10","1,356.10"
2026-05-09,800,2026050805010406,NTC,57,13,10,881.90,"8,819.00"
2026-05-09,801,2026050805010233,NTC,41,13,10,882.90,"8,829.00"
2026-05-09,802,2026050805010211,NTC,48,45,20,880.50,"17,610.00"
2026-05-09,803,2026050805010210,NTC,1,45,50,881.00,"44,050.00"
2026-05-09,804,2026050805010209,NTC,51,45,55,881.00,"48,455.00"
2026-05-09,805,2026050805010208,NTC,58,45,150,881.00,"132,150.00"
2026-05-09,806,2026050805010207,NTC,38,45,25,881.00,"22,025.00"
2026-05-09,807,2026050805010206,NTC,33,45,200,882.00,"176,400.00"
2026-05-09,808,2026050805010185,NYADI,42,59,10,386.80,"3,868.00"
2026-05-09,809,2026050805010168,NYADI,42,42,20,386.70,"7,734.00"
2026-05-09,810,2026050805010080,NYADI,29,52,40,386.00,"15,440.00"
2026-05-09,811,2026050805010228,PHCL,45,16,490,307.50,"150,675.00"
2026-05-09,812,2026050805010227,PHCL,45,28,10,307.50,"3,075.00"
2026-05-09,813,2026050805010184,PHCL,14,51,500,307.00,"153,500.00"
2026-05-09,814,2026050805010183,PHCL,14,34,30,307.00,"9,210.00"
2026-05-09,815,2026050805010182,PHCL,14,38,20,307.00,"6,140.00"
2026-05-09,816,2026050805010181,PHCL,14,45,100,307.00,"30,700.00"
2026-05-09,817,2026050805010180,PHCL,14,57,10,307.00,"3,070.00"
2026-05-09,818,2026050805010428,PPL,51,42,20,344.00,"6,880.00"
2026-05-09,819,2026050805010427,PPL,62,42,15,344.00,"5,160.00"
2026-05-09,820,2026050805010179,PPL,42,42,170,344.00,"58,480.00"
2026-05-09,821,2026050805010178,PPL,35,42,600,344.10,"206,460.00"
2026-05-09,822,2026050805010022,PPL,72,44,50,345.00,"17,250.00"
2026-05-09,823,2026050805009974,PPL,39,57,245,344.90,"84,500.50"
2026-05-09,824,2026050805010075,RAWA,10,90,50,591.90,"29,595.00"
2026-05-09,825,2026050805010074,RAWA,10,16,50,591.00,"29,550.00"
2026-05-09,826,2026050805010073,RAWA,10,28,10,590.00,"5,900.00"
2026-05-09,827,2026050805010077,RAWA,10,16,41,592.00,"24,272.00"
2026-05-09,828,2026050805010076,RAWA,10,16,50,592.00,"29,600.00"
2026-05-09,829,2026050805010303,RAWA,58,10,10,595.00,"5,950.00"
2026-05-09,830,2026050805010429,RFPL,19,16,70,369.60,"25,872.00"
2026-05-09,831,2026050805010167,RFPL,22,49,472,370.00,"174,640.00"
2026-05-09,832,2026050805009984,RFPL,22,17,28,370.00,"10,360.00"
2026-05-09,833,2026050805009983,RFPL,74,17,50,370.00,"18,500.00"
2026-05-09,834,2026050805009982,RFPL,58,17,100,370.00,"37,000.00"
2026-05-09,835,2026050805009981,RFPL,42,17,20,370.00,"7,400.00"
2026-05-09,836,2026050805010297,RHGCL,48,63,300,294.00,"88,200.00"
2026-05-09,837,2026050805010248,RHGCL,48,54,10,294.00,"2,940.00"
2026-05-09,838,2026050805010205,RHGCL,66,57,10,295.00,"2,950.00"
2026-05-09,839,2026050805010204,RHGCL,66,89,110,294.90,"32,439.00"
2026-05-09,840,2026050805010203,RHGCL,66,29,30,294.50,"8,835.00"
2026-05-09,841,2026050805010166,RHGCL,48,49,280,294.00,"82,320.00"
2026-05-09,842,2026050805010159,RHGCL,48,42,20,293.50,"5,870.00"
2026-05-09,843,2026050805010158,RHGCL,48,35,100,293.50,"29,350.00"
2026-05-09,844,2026050805010157,RHGCL,48,28,100,293.50,"29,350.00"
2026-05-09,845,2026050805010156,RHGCL,48,49,40,293.50,"11,740.00"
2026-05-09,846,2026050805009993,RHGCL,48,49,10,293.50,"2,935.00"
2026-05-09,847,2026050805009992,RHGCL,48,49,490,293.40,"143,766.00"
2026-05-09,848,2026050805010165,RHGCL,48,35,100,294.00,"29,400.00"
2026-05-09,849,2026050805010164,RHGCL,48,34,40,294.00,"11,760.00"
2026-05-09,850,2026050805010163,RHGCL,48,49,500,293.90,"146,950.00"
2026-05-09,851,2026050805010162,RHGCL,48,51,20,293.90,"5,878.00"
2026-05-09,852,2026050805010161,RHGCL,48,11,10,293.90,"2,939.00"
2026-05-09,853,2026050805010160,RHGCL,48,46,32,293.50,"9,392.00"
2026-05-09,854,2026050805010430,RNLI,21,6,12,462.70,"5,552.40"
2026-05-09,855,2026050805010414,RNLI,21,41,12,462.70,"5,552.40"
2026-05-09,856,2026050805010315,RNLI,88,51,72,462.30,"33,285.60"
2026-05-09,857,2026050805010052,RNLI,88,42,12,462.60,"5,551.20"
2026-05-09,858,2026050805009991,RNLI,88,42,12,462.60,"5,551.20"
2026-05-09,859,2026050805010196,RNLI,74,68,99,462.60,"45,797.40"
2026-05-09,860,2026050805010195,RNLI,88,68,200,462.60,"92,520.00"
2026-05-09,861,2026050805010090,RNLI,34,42,188,463.00,"87,044.00"
2026-05-09,862,2026050805010089,RNLI,34,49,12,463.00,"5,556.00"
2026-05-09,863,2026050805010314,RNLI,74,51,401,462.60,"185,502.60"
2026-05-09,864,2026050805010308,SAHAS,42,34,80,627.80,"50,224.00"
2026-05-09,865,2026050805010307,SAHAS,42,42,250,627.70,"156,925.00"
2026-05-09,866,2026050805010306,SAHAS,42,52,100,627.40,"62,740.00"
2026-05-09,867,2026050805010305,SAHAS,42,48,100,627.20,"62,720.00"
2026-05-09,868,2026050805010234,SAHAS,13,59,100,626.60,"62,660.00"
2026-05-09,869,2026050805010212,SAHAS,13,16,100,626.60,"62,660.00"
2026-05-09,870,2026050805009997,SAHAS,81,81,200,626.50,"125,300.00"
2026-05-09,871,2026050805010468,SANVI,21,58,10,680.00,"6,800.00"
2026-05-09,872,2026050805010451,SANVI,66,34,50,684.90,"34,245.00"
2026-05-09,873,2026050805010395,SANVI,66,51,100,685.00,"68,500.00"
2026-05-09,874,2026050805010334,SANVI,66,71,100,686.00,"68,600.00"
2026-05-09,875,2026050805010285,SANVI,48,36,310,680.00,"210,800.00"
2026-05-09,876,2026050805010177,SANVI,66,26,10,683.30,"6,833.00"
2026-05-09,877,2026050805010176,SANVI,66,42,10,683.00,"6,830.00"
2026-05-09,878,2026050805010175,SANVI,66,36,20,680.00,"13,600.00"
2026-05-09,879,2026050805010051,SANVI,58,4,1,675.00,675.00
2026-05-09,880,2026050805010013,SANVI,45,6,10,678.20,"6,782.00"
2026-05-09,881,2026050805010009,SANVI,49,4,5,680.00,"3,400.00"
2026-05-09,882,2026050805010394,SBCF,58,58,200,9.80,"1,960.00"
2026-05-09,883,2026050805010393,SBCF,58,63,500,9.80,"4,900.00"
2026-05-09,884,2026050805010434,SGHC,4,21,60,361.00,"21,660.00"
2026-05-09,885,2026050805010379,SGHC,4,57,61,361.00,"22,021.00"
2026-05-09,886,2026050805010240,SGHC,4,6,42,361.00,"15,162.00"
2026-05-09,887,2026050805010239,SGHC,35,6,115,361.00,"41,515.00"
2026-05-09,888,2026050805010238,SGHC,22,6,10,361.10,"3,611.00"
2026-05-09,889,2026050805010463,SHIVM,57,38,"1,000",676.00,"676,000.00"
2026-05-09,890,2026050805010420,SHIVM,35,52,168,675.00,"113,400.00"
2026-05-09,891,2026050805010419,SHIVM,35,19,94,675.00,"63,450.00"
2026-05-09,892,2026050805010418,SHIVM,35,58,200,674.80,"134,960.00"
2026-05-09,893,2026050805010345,SHIVM,72,19,425,675.00,"286,875.00"
2026-05-09,894,2026050805010344,SHIVM,72,52,11,675.00,"7,425.00"
2026-05-09,895,2026050805009977,SHIVM,66,21,41,673.70,"27,621.70"
2026-05-09,896,2026050805010086,SHIVM,14,94,200,674.00,"134,800.00"
2026-05-09,897,2026050805010019,SHIVM,48,41,180,673.30,"121,194.00"
2026-05-09,898,2026050805010018,SHIVM,58,41,500,673.30,"336,650.00"
2026-05-09,899,2026050805010017,SHIVM,45,41,20,673.50,"13,470.00"
2026-05-09,900,2026050805009979,SHIVM,66,17,109,674.00,"73,466.00"
2026-05-09,901,2026050805009978,SHIVM,66,57,33,674.00,"22,242.00"
2026-05-09,902,2026050805010112,SHIVM,71,64,300,673.30,"201,990.00"
2026-05-09,903,2026050805010111,SHIVM,48,64,320,673.40,"215,488.00"
2026-05-09,904,2026050805010110,SHIVM,58,64,10,674.00,"6,740.00"
2026-05-09,905,2026050805010093,SHIVM,58,17,290,674.00,"195,460.00"
2026-05-09,906,2026050805010088,SHIVM,14,48,45,674.20,"30,339.00"
2026-05-09,907,2026050805010087,SHIVM,14,8,10,674.10,"6,741.00"
2026-05-09,908,2026050805010136,SHIVM,74,6,10,674.70,"6,747.00"
2026-05-09,909,2026050805010135,SHIVM,74,45,200,674.50,"134,900.00"
2026-05-09,910,2026050805010134,SHIVM,74,48,10,674.20,"6,742.00"
2026-05-09,911,2026050805010133,SHIVM,74,64,180,673.20,"121,176.00"
2026-05-09,912,2026050805010128,SHIVM,66,64,190,673.20,"127,908.00"
2026-05-09,913,2026050805010113,SHIVM,58,64,"1,000",673.20,"673,200.00"
2026-05-09,914,2026050805010193,SHIVM,42,40,50,675.00,"33,750.00"
2026-05-09,915,2026050805010192,SHIVM,42,54,50,675.00,"33,750.00"
2026-05-09,916,2026050805010191,SHIVM,42,17,500,675.00,"337,500.00"
2026-05-09,917,2026050805010190,SHIVM,42,48,105,675.00,"70,875.00"
2026-05-09,918,2026050805010189,SHIVM,42,32,23,675.00,"15,525.00"
2026-05-09,919,2026050805010188,SHIVM,42,6,142,674.70,"95,807.40"
2026-05-09,920,2026050805010337,SHIVM,72,1,500,675.00,"337,500.00"
2026-05-09,921,2026050805010336,SHIVM,72,13,308,675.00,"207,900.00"
2026-05-09,922,2026050805010335,SHIVM,72,36,436,675.00,"294,300.00"
2026-05-09,923,2026050805010310,SHIVM,14,45,300,674.90,"202,470.00"
2026-05-09,924,2026050805010237,SHIVM,14,50,100,674.70,"67,470.00"
2026-05-09,925,2026050805010194,SHIVM,42,36,130,675.00,"87,750.00"
2026-05-09,926,2026050805010343,SHIVM,72,53,50,675.00,"33,750.00"
2026-05-09,927,2026050805010342,SHIVM,72,7,80,675.00,"54,000.00"
2026-05-09,928,2026050805010341,SHIVM,72,7,10,675.00,"6,750.00"
2026-05-09,929,2026050805010340,SHIVM,72,34,30,675.00,"20,250.00"
2026-05-09,930,2026050805010339,SHIVM,72,32,50,675.00,"33,750.00"
2026-05-09,931,2026050805010338,SHIVM,72,62,100,675.00,"67,500.00"
2026-05-09,932,2026050805010421,SMH,33,58,32,572.10,"18,307.20"
2026-05-09,933,2026050805010413,SMH,16,64,500,574.00,"287,000.00"
2026-05-09,934,2026050805010373,SMH,16,64,305,574.00,"175,070.00"
2026-05-09,935,2026050805010372,SMH,16,1,100,573.90,"57,390.00"
2026-05-09,936,2026050805010371,SMH,16,35,10,573.80,"5,738.00"
2026-05-09,937,2026050805010370,SMH,16,35,10,573.80,"5,738.00"
2026-05-09,938,2026050805010155,SMH,62,45,25,570.20,"14,255.00"
2026-05-09,939,2026050805010154,SMH,45,45,18,572.00,"10,296.00"
2026-05-09,940,2026050805010123,SMH,45,35,11,572.00,"6,292.00"
2026-05-09,941,2026050805009998,SMH,45,40,100,572.00,"57,200.00"
2026-05-09,942,2026050805010399,SMHL,48,74,100,496.30,"49,630.00"
2026-05-09,943,2026050805010354,SMHL,48,34,200,496.30,"99,260.00"
2026-05-09,944,2026050805010252,SMHL,48,14,100,496.30,"49,630.00"
2026-05-09,945,2026050805010316,SONA,19,62,14,437.00,"6,118.00"
2026-05-09,946,2026050805010258,SONA,19,59,10,437.00,"4,370.00"
2026-05-09,947,2026050805010201,SONA,19,58,10,436.00,"4,360.00"
2026-05-09,948,2026050805010023,SONA,62,49,10,435.60,"4,356.00"
2026-05-09,949,2026050805010008,SONA,62,58,10,435.60,"4,356.00"
2026-05-09,950,2026050805010411,SPC,42,68,41,459.30,"18,831.30"
2026-05-09,951,2026050805010263,SPC,49,68,100,459.00,"45,900.00"
2026-05-09,952,2026050805010351,TAMOR,3,72,22,433.00,"9,526.00"
2026-05-09,953,2026050805010323,TAMOR,3,14,"1,000",433.00,"433,000.00"
2026-05-09,954,2026050805010322,TAMOR,3,39,456,433.00,"197,448.00"
2026-05-09,955,2026050805010321,TAMOR,3,42,22,432.50,"9,515.00"
2026-05-09,956,2026050805010085,TAMOR,5,80,200,432.10,"86,420.00"
2026-05-09,957,2026050805010084,TAMOR,36,80,30,432.10,"12,963.00"
2026-05-09,958,2026050805010432,TPC,84,45,347,366.00,"127,002.00"
2026-05-09,959,2026050805010431,TPC,48,45,153,366.50,"56,074.50"
2026-05-09,960,2026050805010256,TPC,48,58,47,366.50,"17,225.50"
2026-05-09,961,2026050805009975,TPC,84,74,15,366.00,"5,490.00"
2026-05-09,962,2026050805010319,TVCL,14,40,21,545.00,"11,445.00"
2026-05-09,963,2026050805010283,TVCL,14,40,639,529.40,"338,286.60"
2026-05-09,964,2026050805010282,TVCL,14,62,100,526.10,"52,610.00"
2026-05-09,965,2026050805010281,TVCL,14,58,20,526.00,"10,520.00"
2026-05-09,966,2026050805010280,TVCL,14,46,15,525.30,"7,879.50"
2026-05-09,967,2026050805010279,TVCL,14,52,100,525.30,"52,530.00"
2026-05-09,968,2026050805010266,TVCL,14,11,90,514.00,"46,260.00"
2026-05-09,969,2026050805010186,TVCL,7,45,20,509.50,"10,190.00"
2026-05-09,970,2026050805010109,TVCL,14,11,10,514.00,"5,140.00"
2026-05-09,971,2026050805010108,TVCL,14,41,20,512.00,"10,240.00"
2026-05-09,972,2026050805010107,TVCL,14,62,10,511.00,"5,110.00"
2026-05-09,973,2026050805010272,TVCL,14,8,96,524.90,"50,390.40"
2026-05-09,974,2026050805010271,TVCL,14,45,300,524.00,"157,200.00"
2026-05-09,975,2026050805010270,TVCL,14,33,50,520.00,"26,000.00"
2026-05-09,976,2026050805010269,TVCL,14,16,200,520.00,"104,000.00"
2026-05-09,977,2026050805010268,TVCL,14,74,200,520.00,"104,000.00"
2026-05-09,978,2026050805010267,TVCL,14,57,20,515.00,"10,300.00"
2026-05-09,979,2026050805010278,TVCL,14,6,10,525.30,"5,253.00"
2026-05-09,980,2026050805010277,TVCL,14,49,100,525.00,"52,500.00"
2026-05-09,981,2026050805010276,TVCL,14,41,20,525.00,"10,500.00"
2026-05-09,982,2026050805010275,TVCL,14,74,500,525.00,"262,500.00"
2026-05-09,983,2026050805010274,TVCL,14,28,20,525.00,"10,500.00"
2026-05-09,984,2026050805010273,TVCL,14,38,20,525.00,"10,500.00"
2026-05-09,985,2026050805010346,UHEWA,39,52,165,566.00,"93,390.00"
2026-05-09,986,2026050805010249,UHEWA,39,17,35,565.00,"19,775.00"
2026-05-09,987,2026050805010214,UHEWA,57,17,10,566.00,"5,660.00"
2026-05-09,988,2026050805010003,UHEWA,76,62,38,567.90,"21,580.20"
2026-05-09,989,2026050805010002,UHEWA,76,36,40,567.90,"22,716.00"
2026-05-09,990,2026050805010001,UHEWA,76,17,33,567.00,"18,711.00"
2026-05-09,991,2026050805010459,ULHC,58,47,715,505.00,"361,075.00"
2026-05-09,992,2026050805010448,ULHC,58,5,212,505.00,"107,060.00"
2026-05-09,993,2026050805010447,ULHC,43,5,18,505.10,"9,091.80"
2026-05-09,994,2026050805010446,ULHC,42,5,230,505.20,"116,196.00"
2026-05-09,995,2026050805010445,ULHC,44,5,500,505.30,"252,650.00"
2026-05-09,996,2026050805010444,ULHC,46,5,10,505.30,"5,053.00"
2026-05-09,997,2026050805010443,ULHC,19,5,10,505.40,"5,054.00"
2026-05-09,998,2026050805010442,ULHC,42,5,20,505.50,"10,110.00"
2026-05-09,999,2026050805010407,USHEC,45,45,210,486.30,"102,123.00"
2026-05-09,1000,2026050805010366,VLUCL,74,36,100,480.00,"48,000.00"
2026-05-09,1001,2026050805009832,AHL,58,34,50,519.00,"25,950.00"
2026-05-09,1002,2026050805009962,BEDC,6,52,100,360.00,"36,000.00"
2026-05-09,1003,2026050805009910,BEDC,29,52,70,360.00,"25,200.00"
2026-05-09,1004,2026050805009909,BEDC,29,39,30,359.90,"10,797.00"
2026-05-09,1005,2026050805009908,BEDC,29,92,750,359.90,"269,925.00"
2026-05-09,1006,2026050805009907,BEDC,29,16,150,359.00,"53,850.00"
2026-05-09,1007,2026050805009840,BEDC,74,16,300,359.00,"107,700.00"
2026-05-09,1008,2026050805009778,BEDC,1,16,200,359.00,"71,800.00"
2026-05-09,1009,2026050805009696,BEDC,29,92,100,359.90,"35,990.00"
2026-05-09,1010,2026050805009886,BGWT,47,34,300,648.00,"194,400.00"
2026-05-09,1011,2026050805009885,BGWT,47,74,289,647.00,"186,983.00"
2026-05-09,1012,2026050805009884,BGWT,47,57,100,646.00,"64,600.00"
2026-05-09,1013,2026050805009883,BGWT,47,52,11,644.00,"7,084.00"
2026-05-09,1014,2026050805009758,BGWT,42,47,11,642.20,"7,064.20"
2026-05-09,1015,2026050805009956,BHDC,33,32,50,463.00,"23,150.00"
2026-05-09,1016,2026050805009955,BHDC,33,13,35,462.90,"16,201.50"
2026-05-09,1017,2026050805009756,BHDC,90,29,90,462.70,"41,643.00"
2026-05-09,1018,2026050805009748,BHDC,65,48,92,462.00,"42,504.00"
2026-05-09,1019,2026050805009733,BHDC,90,48,33,462.00,"15,246.00"
2026-05-09,1020,2026050805009942,BHL,89,48,250,219.00,"54,750.00"
2026-05-09,1021,2026050805009889,BHL,89,48,215,219.00,"47,085.00"
2026-05-09,1022,2026050805009888,BHL,14,48,100,219.00,"21,900.00"
2026-05-09,1023,2026050805009887,BHL,29,48,600,219.00,"131,400.00"
2026-05-09,1024,2026050805009875,BHL,57,17,720,219.50,"158,040.00"
2026-05-09,1025,2026050805009874,BHL,57,17,88,219.50,"19,316.00"
2026-05-09,1026,2026050805009679,BHL,45,36,500,218.80,"109,400.00"
2026-05-09,1027,2026050805009678,BHL,17,36,400,218.80,"87,520.00"
2026-05-09,1028,2026050805009515,BHL,54,39,200,218.70,"43,740.00"
2026-05-09,1029,2026050805009514,BHL,80,39,300,219.00,"65,700.00"
2026-05-09,1030,2026050805009718,BHL,35,36,212,218.80,"46,385.60"
2026-05-09,1031,2026050805009717,BHL,62,36,383,218.80,"83,800.40"
2026-05-09,1032,2026050805009711,BHL,35,36,500,218.80,"109,400.00"
2026-05-09,1033,2026050805009693,BHL,62,36,500,218.80,"109,400.00"
2026-05-09,1034,2026050805009683,BHL,44,36,495,218.80,"108,306.00"
2026-05-09,1035,2026050805009680,BHL,57,36,10,218.80,"2,188.00"
2026-05-09,1036,2026050805009873,BHL,57,52,22,219.40,"4,826.80"
2026-05-09,1037,2026050805009813,BHL,50,52,78,219.40,"17,113.20"
2026-05-09,1038,2026050805009762,BHL,50,42,50,219.00,"10,950.00"
2026-05-09,1039,2026050805009761,BHL,50,45,172,219.00,"37,668.00"
2026-05-09,1040,2026050805009747,BHL,26,45,40,219.00,"8,760.00"
2026-05-09,1041,2026050805009719,BHL,35,45,288,219.00,"63,072.00"
2026-05-09,1042,2026050805009773,BHPL,34,6,50,519.00,"25,950.00"
2026-05-09,1043,2026050805009700,BHPL,34,58,15,519.00,"7,785.00"
2026-05-09,1044,2026050805009659,BHPL,35,6,200,519.10,"103,820.00"
2026-05-09,1045,2026050805009935,BNHC,57,14,10,326.00,"3,260.00"
2026-05-09,1046,2026050805009880,BNHC,57,14,500,326.00,"163,000.00"
2026-05-09,1047,2026050805009478,BNHC,57,58,28,325.00,"9,100.00"
2026-05-09,1048,2026050805009477,BNHC,57,26,10,325.00,"3,250.00"
2026-05-09,1049,2026050805009476,BNHC,57,44,40,325.00,"13,000.00"
2026-05-09,1050,2026050805009475,BNHC,57,29,50,325.00,"16,250.00"
2026-05-09,1051,2026050805009474,BNHC,57,36,30,325.00,"9,750.00"
2026-05-09,1052,2026050805009894,CHDC,19,49,200,"2,306.00","461,200.00"
2026-05-09,1053,2026050805009882,CHDC,19,95,100,"2,306.00","230,600.00"
2026-05-09,1054,2026050805009881,CHDC,19,58,200,"2,305.90","461,180.00"
2026-05-09,1055,2026050805009876,CHDC,19,1,10,"2,305.00","23,050.00"
2026-05-09,1056,2026050805009872,CHDC,58,1,90,"2,305.00","207,450.00"
2026-05-09,1057,2026050805009871,CHDC,58,5,50,"2,305.00","115,250.00"
2026-05-09,1058,2026050805009565,CHDC,29,14,10,"2,299.90","22,999.00"
2026-05-09,1059,2026050805009870,CHDC,58,38,10,"2,305.00","23,050.00"
2026-05-09,1060,2026050805009777,CHDC,19,99,10,"2,300.00","23,000.00"
2026-05-09,1061,2026050805009709,CHDC,19,57,10,"2,300.00","23,000.00"
2026-05-09,1062,2026050805009697,CHDC,42,7,32,"2,295.00","73,440.00"
2026-05-09,1063,2026050805009588,CHDC,42,44,12,"2,295.00","27,540.00"
2026-05-09,1064,2026050805009566,CHDC,29,57,90,"2,300.00","207,000.00"
2026-05-09,1065,2026050805009968,CIT,33,32,1,"1,770.10","1,770.10"
2026-05-09,1066,2026050805009878,CIT,33,4,11,"1,770.10","19,471.10"
2026-05-09,1067,2026050805009848,CIT,57,49,100,"1,771.90","177,190.00"
2026-05-09,1068,2026050805009740,CIT,33,59,10,"1,770.10","17,701.00"
2026-05-09,1069,2026050805009656,CIT,33,58,14,"1,770.10","24,781.40"
2026-05-09,1070,2026050805009677,CKHL,14,50,10,675.00,"6,750.00"
2026-05-09,1071,2026050805009527,CKHL,17,37,300,672.10,"201,630.00"
2026-05-09,1072,2026050805009513,CKHL,39,37,200,672.50,"134,500.00"
2026-05-09,1073,2026050805009940,CLI,14,34,13,456.10,"5,929.30"
2026-05-09,1074,2026050805009609,CLI,43,17,61,457.00,"27,877.00"
2026-05-09,1075,2026050805009941,CMF2,45,29,300,10.00,"3,000.00"
2026-05-09,1076,2026050805009704,DOLTI,14,34,10,333.00,"3,330.00"
2026-05-09,1077,2026050805009690,DOLTI,58,34,44,333.00,"14,652.00"
2026-05-09,1078,2026050805009689,DOLTI,58,34,56,333.00,"18,648.00"
2026-05-09,1079,2026050805009638,DOLTI,14,34,400,333.00,"133,200.00"
2026-05-09,1080,2026050805009637,DOLTI,14,32,100,332.90,"33,290.00"
2026-05-09,1081,2026050805009556,DOLTI,17,34,10,333.00,"3,330.00"
2026-05-09,1082,2026050805009517,DOLTI,22,34,10,332.00,"3,320.00"
2026-05-09,1083,2026050805009473,DOLTI,38,22,75,331.50,"24,862.50"
2026-05-09,1084,2026050805009472,DOLTI,1,22,200,331.50,"66,300.00"
2026-05-09,1085,2026050805009918,DORDI,42,32,50,271.00,"13,550.00"
2026-05-09,1086,2026050805009917,DORDI,42,38,10,271.00,"2,710.00"
2026-05-09,1087,2026050805009819,DORDI,56,38,10,271.00,"2,710.00"
2026-05-09,1088,2026050805009818,DORDI,56,38,10,271.00,"2,710.00"
2026-05-09,1089,2026050805009817,DORDI,56,49,20,271.00,"5,420.00"
2026-05-09,1090,2026050805009816,DORDI,56,49,20,271.00,"5,420.00"
2026-05-09,1091,2026050805009512,DORDI,89,14,20,271.00,"5,420.00"
2026-05-09,1092,2026050805009511,DORDI,89,34,20,271.00,"5,420.00"
2026-05-09,1093,2026050805009510,DORDI,89,58,195,270.90,"52,825.50"
2026-05-09,1094,2026050805009509,DORDI,89,11,200,270.90,"54,180.00"
2026-05-09,1095,2026050805009508,DORDI,89,74,560,270.70,"151,592.00"
2026-05-09,1096,2026050805009491,DORDI,58,34,4,268.90,"1,075.60"
2026-05-09,1097,2026050805009776,DORDI,57,56,400,270.50,"108,200.00"
2026-05-09,1098,2026050805009626,DORDI,42,35,14,270.10,"3,781.40"
2026-05-09,1099,2026050805009570,DORDI,42,56,350,270.10,"94,535.00"
2026-05-09,1100,2026050805009569,DORDI,41,56,250,270.20,"67,550.00"
2026-05-09,1101,2026050805009531,DORDI,58,21,7,270.00,"1,890.00"
2026-05-09,1102,2026050805009516,DORDI,58,44,4,270.00,"1,080.00"
2026-05-09,1103,2026050805009611,EHPL,29,28,10,384.00,"3,840.00"
2026-05-09,1104,2026050805009533,EHPL,54,19,50,382.00,"19,100.00"
2026-05-09,1105,2026050805009532,EHPL,34,19,70,382.00,"26,740.00"
2026-05-09,1106,2026050805009500,EHPL,49,38,500,383.00,"191,500.00"
2026-05-09,1107,2026050805009498,EHPL,34,38,20,382.00,"7,640.00"
2026-05-09,1108,2026050805009497,EHPL,34,38,"1,000",382.00,"382,000.00"
2026-05-09,1109,2026050805009496,EHPL,53,38,430,382.00,"164,260.00"
2026-05-09,1110,2026050805009495,EHPL,56,38,50,382.10,"19,105.00"
2026-05-09,1111,2026050805009469,EHPL,50,19,300,382.50,"114,750.00"
2026-05-09,1112,2026050805009706,GCIL,57,43,37,417.00,"15,429.00"
2026-05-09,1113,2026050805009727,GCIL,57,29,16,417.00,"6,672.00"
2026-05-09,1114,2026050805009879,GIBF1,56,32,100,10.80,"1,080.00"
2026-05-09,1115,2026050805009963,GVL,52,8,190,490.00,"93,100.00"
2026-05-09,1116,2026050805009906,HATHY,44,49,2,805.00,"1,610.00"
2026-05-09,1117,2026050805009895,HATHY,17,74,20,819.00,"16,380.00"
2026-05-09,1118,2026050805009862,HATHY,44,42,2,805.00,"1,610.00"
2026-05-09,1119,2026050805009752,HATHY,36,74,180,819.00,"147,420.00"
2026-05-09,1120,2026050805009751,HATHY,36,82,200,818.00,"163,600.00"
2026-05-09,1121,2026050805009750,HATHY,36,52,100,818.00,"81,800.00"
2026-05-09,1122,2026050805009749,HATHY,36,42,20,818.00,"16,360.00"
2026-05-09,1123,2026050805009967,HDL,25,42,43,"1,155.00","49,665.00"
2026-05-09,1124,2026050805009966,HDL,18,58,10,"1,154.00","11,540.00"
2026-05-09,1125,2026050805009947,HDL,49,42,11,"1,155.00","12,705.00"
2026-05-09,1126,2026050805009559,HDL,58,47,22,"1,153.60","25,379.20"
2026-05-09,1127,2026050805009558,HDL,25,47,164,"1,153.70","189,206.80"
2026-05-09,1128,2026050805009536,HDL,48,48,90,"1,154.80","103,932.00"
2026-05-09,1129,2026050805009535,HDL,48,59,10,"1,154.70","11,547.00"
2026-05-09,1130,2026050805009470,HDL,69,19,210,"1,154.50","242,445.00"
2026-05-09,1131,2026050805009564,HDL,33,47,134,"1,153.10","154,515.40"
2026-05-09,1132,2026050805009562,HDL,42,47,100,"1,153.50","115,350.00"
2026-05-09,1133,2026050805009561,HDL,19,47,40,"1,153.50","46,140.00"
2026-05-09,1134,2026050805009560,HDL,45,47,40,"1,153.60","46,144.00"
2026-05-09,1135,2026050805009721,HDL,42,59,10,"1,155.00","11,550.00"
2026-05-09,1136,2026050805009720,HDL,42,40,10,"1,155.00","11,550.00"
2026-05-09,1137,2026050805009701,HDL,90,90,"1,000","1,154.00","1,154,000.00"
2026-05-09,1138,2026050805009687,HDL,90,90,"1,000","1,154.00","1,154,000.00"
2026-05-09,1139,2026050805009722,HDL,42,57,12,"1,155.00","13,860.00"
2026-05-09,1140,2026050805009858,HDL,69,42,180,"1,155.00","207,900.00"
2026-05-09,1141,2026050805009857,HDL,69,58,10,"1,155.00","11,550.00"
2026-05-09,1142,2026050805009856,HDL,69,22,10,"1,155.00","11,550.00"
2026-05-09,1143,2026050805009855,HDL,69,57,88,"1,155.00","101,640.00"
2026-05-09,1144,2026050805009786,HHL,60,48,100,374.20,"37,420.00"
2026-05-09,1145,2026050805009734,HHL,58,48,10,374.20,"3,742.00"
2026-05-09,1146,2026050805009583,HHL,58,42,22,373.10,"8,208.20"
2026-05-09,1147,2026050805009805,HIDCL,59,13,764,266.10,"203,300.40"
2026-05-09,1148,2026050805009804,HIDCL,52,13,100,266.20,"26,620.00"
2026-05-09,1149,2026050805009803,HIDCL,7,13,200,266.30,"53,260.00"
2026-05-09,1150,2026050805009802,HIDCL,7,13,200,266.30,"53,260.00"
2026-05-09,1151,2026050805009801,HIDCL,1,13,200,266.50,"53,300.00"
2026-05-09,1152,2026050805009800,HIDCL,52,13,22,266.50,"5,863.00"
2026-05-09,1153,2026050805009585,HIDCL,42,7,100,266.80,"26,680.00"
2026-05-09,1154,2026050805009507,HIDCL,88,35,160,267.40,"42,784.00"
2026-05-09,1155,2026050805009506,HIDCL,88,25,500,267.30,"133,650.00"
2026-05-09,1156,2026050805009505,HIDCL,88,81,200,267.00,"53,400.00"
2026-05-09,1157,2026050805009504,HIDCL,88,33,100,267.00,"26,700.00"
2026-05-09,1158,2026050805009503,HIDCL,88,21,40,267.00,"10,680.00"
2026-05-09,1159,2026050805009799,HIDCL,38,13,14,267.10,"3,739.40"
2026-05-09,1160,2026050805009694,HIDCL,38,58,51,267.10,"13,622.10"
2026-05-09,1161,2026050805009595,HIDCL,52,19,28,266.50,"7,462.00"
2026-05-09,1162,2026050805009594,HIDCL,25,19,14,266.50,"3,731.00"
2026-05-09,1163,2026050805009593,HIDCL,72,19,458,266.80,"122,194.40"
2026-05-09,1164,2026050805009586,HIDCL,72,7,42,266.80,"11,205.60"
2026-05-09,1165,2026050805009959,HRL,4,16,"1,000",677.00,"677,000.00"
2026-05-09,1166,2026050805009928,HRL,4,57,270,677.00,"182,790.00"
2026-05-09,1167,2026050805009927,HRL,4,14,10,677.00,"6,770.00"
2026-05-09,1168,2026050805009926,HRL,4,45,100,677.00,"67,700.00"
2026-05-09,1169,2026050805009581,HRL,45,39,50,674.00,"33,700.00"
2026-05-09,1170,2026050805009607,HRL,35,42,100,675.00,"67,500.00"
2026-05-09,1171,2026050805009599,HRL,59,4,38,673.30,"25,585.40"
2026-05-09,1172,2026050805009675,HRL,25,52,300,675.00,"202,500.00"
2026-05-09,1173,2026050805009674,HRL,25,45,75,675.00,"50,625.00"
2026-05-09,1174,2026050805009658,HRL,17,45,25,675.00,"16,875.00"
2026-05-09,1175,2026050805009657,HRL,17,42,55,675.00,"37,125.00"
2026-05-09,1176,2026050805009643,HRL,58,42,20,675.00,"13,500.00"
2026-05-09,1177,2026050805009767,HRL,58,41,32,677.00,"21,664.00"
2026-05-09,1178,2026050805009766,HRL,58,5,200,677.00,"135,400.00"
2026-05-09,1179,2026050805009765,HRL,58,25,44,677.00,"29,788.00"
2026-05-09,1180,2026050805009764,HRL,58,7,125,676.90,"84,612.50"
2026-05-09,1181,2026050805009759,HRL,39,16,140,675.00,"94,500.00"
2026-05-09,1182,2026050805009676,HRL,25,7,25,675.90,"16,897.50"
2026-05-09,1183,2026050805009825,HRL,41,1,10,677.00,"6,770.00"
2026-05-09,1184,2026050805009811,HRL,57,1,90,677.00,"60,930.00"
2026-05-09,1185,2026050805009810,HRL,57,33,10,676.80,"6,768.00"
2026-05-09,1186,2026050805009809,HRL,61,58,20,675.00,"13,500.00"
2026-05-09,1187,2026050805009768,HRL,58,1,99,677.00,"67,023.00"
2026-05-09,1188,2026050805009899,HRL,96,14,82,675.00,"55,350.00"
2026-05-09,1189,2026050805009877,HRL,13,14,118,675.00,"79,650.00"
2026-05-09,1190,2026050805009851,HRL,13,16,30,675.00,"20,250.00"
2026-05-09,1191,2026050805009839,HRL,61,16,121,675.00,"81,675.00"
2026-05-09,1192,2026050805009837,HRL,61,58,10,675.00,"6,750.00"
2026-05-09,1193,2026050805009925,HRL,4,91,181,677.00,"122,537.00"
2026-05-09,1194,2026050805009924,HRL,4,57,21,677.00,"14,217.00"
2026-05-09,1195,2026050805009923,HRL,4,51,10,677.00,"6,770.00"
2026-05-09,1196,2026050805009922,HRL,4,66,10,677.00,"6,770.00"
2026-05-09,1197,2026050805009921,HRL,4,1,301,677.00,"203,777.00"
2026-05-09,1198,2026050805009920,HRL,4,45,20,676.00,"13,520.00"
2026-05-09,1199,2026050805009798,IHL,42,45,10,397.00,"3,970.00"
2026-05-09,1200,2026050805009797,IHL,42,22,100,396.00,"39,600.00"
2026-05-09,1201,2026050805009796,IHL,42,7,10,396.00,"3,960.00"
2026-05-09,1202,2026050805009501,IHL,39,86,190,395.20,"75,088.00"
2026-05-09,1203,2026050805009639,IHL,51,49,100,395.30,"39,530.00"
2026-05-09,1204,2026050805009716,ILI,51,56,12,437.10,"5,245.20"
2026-05-09,1205,2026050805009712,ILI,51,32,12,437.10,"5,245.20"
2026-05-09,1206,2026050805009699,ILI,51,58,12,437.10,"5,245.20"
2026-05-09,1207,2026050805009612,ILI,52,42,70,438.00,"30,660.00"
2026-05-09,1208,2026050805009597,ILI,52,56,12,438.00,"5,256.00"
2026-05-09,1209,2026050805009530,KEF,32,7,100,10.52,"1,052.00"
2026-05-09,1210,2026050805009950,LUK,58,43,600,10.13,"6,078.00"
2026-05-09,1211,2026050805009838,MAKAR,58,53,20,489.90,"9,798.00"
2026-05-09,1212,2026050805009703,MAKAR,90,58,10,488.10,"4,881.00"
2026-05-09,1213,2026050805009686,MAKAR,90,6,50,488.10,"24,405.00"
2026-05-09,1214,2026050805009587,MAKAR,83,53,130,489.90,"63,687.00"
2026-05-09,1215,2026050805009892,MBJC,35,91,30,282.50,"8,475.00"
2026-05-09,1216,2026050805009891,MBJC,49,91,10,282.50,"2,825.00"
2026-05-09,1217,2026050805009695,MBJC,14,4,10,283.00,"2,830.00"
2026-05-09,1218,2026050805009574,MBJC,35,29,100,282.00,"28,200.00"
2026-05-09,1219,2026050805009543,MBJC,35,34,10,282.00,"2,820.00"
2026-05-09,1220,2026050805009541,MBJC,35,58,20,282.00,"5,640.00"
2026-05-09,1221,2026050805009534,MCHL,14,16,249,300.00,"74,700.00"
2026-05-09,1222,2026050805009934,MEHL,34,49,10,380.00,"3,800.00"
2026-05-09,1223,2026050805009526,MEHL,14,74,500,381.00,"190,500.00"
2026-05-09,1224,2026050805009949,MEL,22,39,85,236.50,"20,102.50"
2026-05-09,1225,2026050805009948,MEL,42,39,15,236.70,"3,550.50"
2026-05-09,1226,2026050805009589,MEL,26,28,100,236.90,"23,690.00"
2026-05-09,1227,2026050805009555,MEL,38,28,100,236.90,"23,690.00"
2026-05-09,1228,2026050805009524,MEL,16,57,288,236.80,"68,198.40"
2026-05-09,1229,2026050805009635,MEL,95,19,100,236.90,"23,690.00"
2026-05-09,1230,2026050805009634,MEL,95,19,50,236.90,"11,845.00"
2026-05-09,1231,2026050805009602,MEL,44,39,200,236.70,"47,340.00"
2026-05-09,1232,2026050805009590,MEL,26,19,50,236.90,"11,845.00"
2026-05-09,1233,2026050805009660,MEL,44,34,190,236.70,"44,973.00"
2026-05-09,1234,2026050805009775,MEL,7,34,200,236.70,"47,340.00"
2026-05-09,1235,2026050805009860,MEL,16,34,110,236.70,"26,037.00"
2026-05-09,1236,2026050805009829,MHCL,6,49,59,342.00,"20,178.00"
2026-05-09,1237,2026050805009828,MHCL,52,49,75,342.00,"25,650.00"
2026-05-09,1238,2026050805009827,MHCL,14,49,316,342.00,"108,072.00"
2026-05-09,1239,2026050805009826,MHCL,39,49,250,342.10,"85,525.00"
2026-05-09,1240,2026050805009946,MHL,33,45,64,498.00,"31,872.00"
2026-05-09,1241,2026050805009945,MHL,35,45,16,498.00,"7,968.00"
2026-05-09,1242,2026050805009843,MKHC,38,16,10,317.00,"3,170.00"
2026-05-09,1243,2026050805009808,MKHC,45,43,657,316.00,"207,612.00"
2026-05-09,1244,2026050805009897,MKHL,58,53,10,514.00,"5,140.00"
2026-05-09,1245,2026050805009628,MKHL,6,49,30,513.30,"15,399.00"
2026-05-09,1246,2026050805009567,MKHL,92,49,20,513.20,"10,264.00"
2026-05-09,1247,2026050805009901,MKJC,56,48,400,490.20,"196,080.00"
2026-05-09,1248,2026050805009900,MKJC,58,48,100,490.30,"49,030.00"
2026-05-09,1249,2026050805009770,MKJC,17,36,478,495.00,"236,610.00"
2026-05-09,1250,2026050805009769,MKJC,17,80,632,494.00,"312,208.00"
2026-05-09,1251,2026050805009755,MKJC,92,80,368,494.00,"181,792.00"
2026-05-09,1252,2026050805009754,MKJC,92,57,400,492.00,"196,800.00"
2026-05-09,1253,2026050805009753,MKJC,92,80,32,492.00,"15,744.00"
2026-05-09,1254,2026050805009846,MMKJL,58,58,10,481.00,"4,810.00"
2026-05-09,1255,2026050805009624,MMKJL,58,13,10,481.00,"4,810.00"
2026-05-09,1256,2026050805009623,MMKJL,17,13,30,482.00,"14,460.00"
2026-05-09,1257,2026050805009494,MMKJL,17,39,10,482.00,"4,820.00"
2026-05-09,1258,2026050805009898,NIFRA,41,58,64,263.30,"16,851.20"
2026-05-09,1259,2026050805009896,NIFRA,41,44,64,263.30,"16,851.20"
2026-05-09,1260,2026050805009783,NIFRA,56,50,200,263.90,"52,780.00"
2026-05-09,1261,2026050805009735,NIFRA,17,6,54,263.10,"14,207.40"
2026-05-09,1262,2026050805009726,NIFRA,69,50,85,263.90,"22,431.50"
2026-05-09,1263,2026050805009725,NIFRA,69,62,500,263.80,"131,900.00"
2026-05-09,1264,2026050805009724,NIFRA,69,53,102,263.80,"26,907.60"
2026-05-09,1265,2026050805009723,NIFRA,69,34,13,263.50,"3,425.50"
2026-05-09,1266,2026050805009547,NIFRA,58,40,24,263.00,"6,312.00"
2026-05-09,1267,2026050805009936,NRIC,35,34,50,894.80,"44,740.00"
2026-05-09,1268,2026050805009598,NRIC,58,42,29,891.10,"25,841.90"
2026-05-09,1269,2026050805009592,NRIC,58,42,10,891.10,"8,911.00"
2026-05-09,1270,2026050805009499,NRIC,17,42,11,891.10,"9,802.10"
2026-05-09,1271,2026050805009490,NRIC,17,49,14,891.10,"12,475.40"
2026-05-09,1272,2026050805009806,NRM,38,62,124,393.00,"48,732.00"
2026-05-09,1273,2026050805009728,NRM,38,45,200,393.00,"78,600.00"
2026-05-09,1274,2026050805009642,NRM,49,48,140,393.90,"55,146.00"
2026-05-09,1275,2026050805009641,NRM,49,22,10,393.30,"3,933.00"
2026-05-09,1276,2026050805009931,NRN,37,67,27,"1,400.00","37,800.00"
2026-05-09,1277,2026050805009930,NRN,37,6,11,"1,400.00","15,400.00"
2026-05-09,1278,2026050805009929,NRN,37,35,12,"1,400.00","16,800.00"
2026-05-09,1279,2026050805009471,NRN,45,61,20,"1,397.00","27,940.00"
2026-05-09,1280,2026050805009601,NRN,28,49,60,"1,398.00","83,880.00"
2026-05-09,1281,2026050805009600,NRN,28,61,70,"1,397.00","97,790.00"
2026-05-09,1282,2026050805009702,NRN,45,49,20,"1,398.00","27,960.00"
2026-05-09,1283,2026050805009847,NRN,37,43,15,"1,399.00","20,985.00"
2026-05-09,1284,2026050805009842,NRN,58,43,185,"1,399.00","258,815.00"
2026-05-09,1285,2026050805009841,NRN,58,39,15,"1,399.00","20,985.00"
2026-05-09,1286,2026050805009763,NRN,41,49,20,"1,398.00","27,960.00"
2026-05-09,1287,2026050805009916,NRN,57,6,15,"1,400.00","21,000.00"
2026-05-09,1288,2026050805009913,NRN,37,26,35,"1,399.00","48,965.00"
2026-05-09,1289,2026050805009774,NSIF2,26,37,"14,700",10.67,"156,849.00"
2026-05-09,1290,2026050805009708,NSIF2,26,48,"1,235",10.67,"13,177.45"
2026-05-09,1291,2026050805009919,NTC,38,13,10,882.00,"8,820.00"
2026-05-09,1292,2026050805009582,NTC,33,35,95,882.00,"83,790.00"
2026-05-09,1293,2026050805009540,NTC,33,45,100,882.00,"88,200.00"
2026-05-09,1294,2026050805009644,NYADI,3,49,10,385.00,"3,850.00"
2026-05-09,1295,2026050805009830,PHCL,45,52,50,306.20,"15,310.00"
2026-05-09,1296,2026050805009669,PHCL,14,38,80,307.00,"24,560.00"
2026-05-09,1297,2026050805009668,PHCL,14,42,500,307.00,"153,500.00"
2026-05-09,1298,2026050805009667,PHCL,14,59,500,307.00,"153,500.00"
2026-05-09,1299,2026050805009666,PHCL,14,34,50,307.00,"15,350.00"
2026-05-09,1300,2026050805009665,PHCL,14,94,100,307.00,"30,700.00"
2026-05-09,1301,2026050805009557,PHCL,26,57,"4,000",306.00,"1,224,000.00"
2026-05-09,1302,2026050805009619,PHCL,14,52,100,306.80,"30,680.00"
2026-05-09,1303,2026050805009618,PHCL,14,35,50,306.50,"15,325.00"
2026-05-09,1304,2026050805009617,PHCL,14,1,50,306.50,"15,325.00"
2026-05-09,1305,2026050805009616,PHCL,14,57,650,306.50,"199,225.00"
2026-05-09,1306,2026050805009615,PHCL,14,57,100,306.30,"30,630.00"
2026-05-09,1307,2026050805009614,PHCL,14,36,10,306.30,"3,063.00"
2026-05-09,1308,2026050805009664,PHCL,14,56,500,307.00,"153,500.00"
2026-05-09,1309,2026050805009663,PHCL,14,21,10,307.00,"3,070.00"
2026-05-09,1310,2026050805009662,PHCL,14,58,260,306.90,"79,794.00"
2026-05-09,1311,2026050805009622,PHCL,14,58,740,306.90,"227,106.00"
2026-05-09,1312,2026050805009621,PHCL,14,62,500,306.90,"153,450.00"
2026-05-09,1313,2026050805009620,PHCL,14,67,800,306.80,"245,440.00"
2026-05-09,1314,2026050805009905,PPL,42,48,15,344.00,"5,160.00"
2026-05-09,1315,2026050805009904,PPL,42,32,15,344.00,"5,160.00"
2026-05-09,1316,2026050805009903,PPL,42,59,50,344.00,"17,200.00"
2026-05-09,1317,2026050805009713,PPL,39,22,20,343.50,"6,870.00"
2026-05-09,1318,2026050805009661,PPL,39,89,15,343.50,"5,152.50"
2026-05-09,1319,2026050805009493,PPL,42,35,15,344.00,"5,160.00"
2026-05-09,1320,2026050805009492,PPL,42,67,50,344.00,"17,200.00"
2026-05-09,1321,2026050805009952,PSF,3,22,100,12.00,"1,200.00"
2026-05-09,1322,2026050805009604,PSF,66,58,100,12.35,"1,235.00"
2026-05-09,1323,2026050805009961,RFPL,39,16,190,371.00,"70,490.00"
2026-05-09,1324,2026050805009960,RFPL,39,22,10,371.00,"3,710.00"
2026-05-09,1325,2026050805009539,RFPL,59,45,959,371.00,"355,789.00"
2026-05-09,1326,2026050805009538,RFPL,74,45,41,371.00,"15,211.00"
2026-05-09,1327,2026050805009785,RHGCL,45,49,10,293.40,"2,934.00"
2026-05-09,1328,2026050805009784,RHGCL,45,50,10,293.00,"2,930.00"
2026-05-09,1329,2026050805009737,RHGCL,45,50,10,293.00,"2,930.00"
2026-05-09,1330,2026050805009736,RHGCL,45,45,10,292.00,"2,920.00"
2026-05-09,1331,2026050805009853,RNLI,77,41,18,463.00,"8,334.00"
2026-05-09,1332,2026050805009605,RNLI,43,56,188,462.70,"86,987.60"
2026-05-09,1333,2026050805009529,RNLI,43,36,12,462.70,"5,552.40"
2026-05-09,1334,2026050805009489,RNLI,88,42,80,462.60,"37,008.00"
2026-05-09,1335,2026050805009852,RNLI,77,7,12,463.00,"5,556.00"
2026-05-09,1336,2026050805009632,RNLI,88,57,12,462.60,"5,551.20"
2026-05-09,1337,2026050805009606,RNLI,88,56,92,462.60,"42,559.20"
2026-05-09,1338,2026050805009954,SAHAS,81,81,100,626.50,"62,650.00"
2026-05-09,1339,2026050805009912,SAHAS,22,58,333,626.00,"208,458.00"
2026-05-09,1340,2026050805009911,SAHAS,45,58,68,626.00,"42,568.00"
2026-05-09,1341,2026050805009845,SAHAS,45,48,500,626.00,"313,000.00"
2026-05-09,1342,2026050805009824,SAHAS,45,76,150,626.00,"93,900.00"
2026-05-09,1343,2026050805009823,SAHAS,33,76,100,626.50,"62,650.00"
2026-05-09,1344,2026050805009525,SAHAS,22,62,3,625.00,"1,875.00"
2026-05-09,1345,2026050805009627,SAHAS,22,14,156,627.00,"97,812.00"
2026-05-09,1346,2026050805009613,SAHAS,34,34,13,627.20,"8,153.60"
2026-05-09,1347,2026050805009610,SAHAS,34,81,104,627.20,"65,228.80"
2026-05-09,1348,2026050805009584,SAHAS,22,42,3,626.00,"1,878.00"
2026-05-09,1349,2026050805009550,SAHAS,17,45,33,627.50,"20,707.50"
2026-05-09,1350,2026050805009549,SAHAS,22,75,3,626.00,"1,878.00"
2026-05-09,1351,2026050805009650,SAHAS,42,52,200,627.50,"125,500.00"
2026-05-09,1352,2026050805009649,SAHAS,42,49,13,627.50,"8,157.50"
2026-05-09,1353,2026050805009648,SAHAS,42,45,53,627.50,"33,257.50"
2026-05-09,1354,2026050805009647,SAHAS,42,34,91,627.20,"57,075.20"
2026-05-09,1355,2026050805009631,SAHAS,57,34,13,627.20,"8,153.60"
2026-05-09,1356,2026050805009630,SAHAS,57,14,207,627.00,"129,789.00"
2026-05-09,1357,2026050805009671,SAHAS,32,13,200,627.50,"125,500.00"
2026-05-09,1358,2026050805009655,SAHAS,42,6,293,628.00,"184,004.00"
2026-05-09,1359,2026050805009654,SAHAS,42,62,400,628.00,"251,200.00"
2026-05-09,1360,2026050805009653,SAHAS,42,19,50,627.90,"31,395.00"
2026-05-09,1361,2026050805009652,SAHAS,42,48,100,627.90,"62,790.00"
2026-05-09,1362,2026050805009651,SAHAS,42,51,100,627.90,"62,790.00"
2026-05-09,1363,2026050805009743,SAHAS,34,42,100,628.00,"62,800.00"
2026-05-09,1364,2026050805009742,SAHAS,34,6,307,628.00,"192,796.00"
2026-05-09,1365,2026050805009738,SAHAS,34,81,600,627.50,"376,500.00"
2026-05-09,1366,2026050805009698,SAHAS,34,41,680,627.50,"426,700.00"
2026-05-09,1367,2026050805009692,SAHAS,43,41,320,627.50,"200,800.00"
2026-05-09,1368,2026050805009691,SAHAS,43,13,300,627.50,"188,250.00"
2026-05-09,1369,2026050805009822,SAHAS,45,76,50,626.50,"31,325.00"
2026-05-09,1370,2026050805009821,SAHAS,39,76,100,626.60,"62,660.00"
2026-05-09,1371,2026050805009820,SAHAS,62,76,100,626.70,"62,670.00"
2026-05-09,1372,2026050805009815,SAHAS,34,3,11,627.50,"6,902.50"
2026-05-09,1373,2026050805009745,SAHAS,34,58,43,628.00,"27,004.00"
2026-05-09,1374,2026050805009744,SAHAS,34,75,50,628.00,"31,400.00"
2026-05-09,1375,2026050805009939,SANVI,11,36,25,678.00,"16,950.00"
2026-05-09,1376,2026050805009938,SANVI,44,36,500,678.10,"339,050.00"
2026-05-09,1377,2026050805009937,SANVI,16,36,50,678.20,"33,910.00"
2026-05-09,1378,2026050805009831,SANVI,84,36,30,680.00,"20,400.00"
2026-05-09,1379,2026050805009788,SANVI,84,36,30,680.00,"20,400.00"
2026-05-09,1380,2026050805009787,SANVI,38,36,30,682.00,"20,460.00"
2026-05-09,1381,2026050805009781,SANVI,38,52,120,682.00,"81,840.00"
2026-05-09,1382,2026050805009732,SANVI,88,52,200,682.00,"136,400.00"
2026-05-09,1383,2026050805009682,SANVI,29,52,70,682.00,"47,740.00"
2026-05-09,1384,2026050805009681,SANVI,29,57,10,682.00,"6,820.00"
2026-05-09,1385,2026050805009633,SANVI,84,16,10,680.00,"6,800.00"
2026-05-09,1386,2026050805009554,SANVI,45,44,10,681.00,"6,810.00"
2026-05-09,1387,2026050805009854,SBCF,58,63,300,9.75,"2,925.00"
2026-05-09,1388,2026050805009814,SGHC,57,6,80,362.00,"28,960.00"
2026-05-09,1389,2026050805009481,SGHC,57,45,10,366.00,"3,660.00"
2026-05-09,1390,2026050805009965,SHIVM,58,41,100,673.30,"67,330.00"
2026-05-09,1391,2026050805009964,SHIVM,45,41,400,673.40,"269,360.00"
2026-05-09,1392,2026050805009958,SHIVM,36,21,110,673.70,"74,107.00"
2026-05-09,1393,2026050805009953,SHIVM,58,36,400,673.30,"269,320.00"
2026-05-09,1394,2026050805009933,SHIVM,7,41,500,673.30,"336,650.00"
2026-05-09,1395,2026050805009902,SHIVM,26,57,50,674.00,"33,700.00"
2026-05-09,1396,2026050805009625,SHIVM,84,58,20,673.00,"13,460.00"
2026-05-09,1397,2026050805009596,SHIVM,54,57,100,673.00,"67,300.00"
2026-05-09,1398,2026050805009552,SHIVM,41,44,40,673.70,"26,948.00"
2026-05-09,1399,2026050805009551,SHIVM,41,8,10,673.60,"6,736.00"
2026-05-09,1400,2026050805009480,SHIVM,56,38,64,672.00,"43,008.00"
2026-05-09,1401,2026050805009479,SHIVM,34,38,36,672.50,"24,210.00"
2026-05-09,1402,2026050805009739,SHIVM,66,44,110,673.70,"74,107.00"
2026-05-09,1403,2026050805009710,SHIVM,39,44,20,673.70,"13,474.00"
2026-05-09,1404,2026050805009705,SHIVM,42,44,400,673.70,"269,480.00"
2026-05-09,1405,2026050805009646,SHIVM,66,58,90,673.00,"60,570.00"
2026-05-09,1406,2026050805009636,SHIVM,52,52,8,670.00,"5,360.00"
2026-05-09,1407,2026050805009629,SHIVM,52,58,20,673.00,"13,460.00"
2026-05-09,1408,2026050805009863,SHIVM,42,42,267,673.70,"179,877.90"
2026-05-09,1409,2026050805009861,SHIVM,14,42,100,673.70,"67,370.00"
2026-05-09,1410,2026050805009850,SHIVM,39,42,10,673.70,"6,737.00"
2026-05-09,1411,2026050805009833,SHIVM,57,42,10,673.70,"6,737.00"
2026-05-09,1412,2026050805009780,SHIVM,45,42,13,673.70,"8,758.10"
2026-05-09,1413,2026050805009741,SHIVM,45,44,247,673.70,"166,403.90"
2026-05-09,1414,2026050805009869,SHIVM,42,57,17,674.00,"11,458.00"
2026-05-09,1415,2026050805009868,SHIVM,42,65,500,674.00,"337,000.00"
2026-05-09,1416,2026050805009867,SHIVM,42,16,24,673.90,"16,173.60"
2026-05-09,1417,2026050805009866,SHIVM,42,25,100,673.90,"67,390.00"
2026-05-09,1418,2026050805009865,SHIVM,42,8,10,673.80,"6,738.00"
2026-05-09,1419,2026050805009864,SHIVM,42,50,82,673.70,"55,243.40"
2026-05-09,1420,2026050805009673,SLCF,89,25,"4,200",9.90,"41,580.00"
2026-05-09,1421,2026050805009672,SLCF,89,43,"2,000",9.90,"19,800.00"
2026-05-09,1422,2026050805009548,SMATA,17,45,10,771.00,"7,710.00"
2026-05-09,1423,2026050805009487,SMATA,43,62,743,779.00,"578,797.00"
2026-05-09,1424,2026050805009486,SMATA,43,44,50,778.90,"38,945.00"
2026-05-09,1425,2026050805009485,SMATA,43,5,57,778.80,"44,391.60"
2026-05-09,1426,2026050805009484,SMATA,43,74,100,778.00,"77,800.00"
2026-05-09,1427,2026050805009483,SMATA,43,45,50,777.90,"38,895.00"
2026-05-09,1428,2026050805009944,SMH,17,64,100,574.00,"57,400.00"
2026-05-09,1429,2026050805009943,SMH,17,44,60,573.90,"34,434.00"
2026-05-09,1430,2026050805009914,SMH,45,40,60,572.00,"34,320.00"
2026-05-09,1431,2026050805009890,SMH,45,58,32,572.00,"18,304.00"
2026-05-09,1432,2026050805009771,SMH,83,64,11,574.00,"6,314.00"
2026-05-09,1433,2026050805009760,SMH,45,14,79,572.00,"45,188.00"
2026-05-09,1434,2026050805009645,SMH,89,64,500,574.00,"287,000.00"
2026-05-09,1435,2026050805009553,SMH,22,36,5,569.00,"2,845.00"
2026-05-09,1436,2026050805009482,SMH,83,14,11,574.70,"6,321.70"
2026-05-09,1437,2026050805009932,SMHL,4,25,190,496.20,"94,278.00"
2026-05-09,1438,2026050805009893,SMHL,4,49,40,496.20,"19,848.00"
2026-05-09,1439,2026050805009859,SMHL,1,58,1,483.00,483.00
2026-05-09,1440,2026050805009812,SMHL,4,58,"1,000",496.20,"496,200.00"
2026-05-09,1441,2026050805009528,SMHL,34,33,10,497.80,"4,978.00"
2026-05-09,1442,2026050805009915,SMJC,22,49,40,437.00,"17,480.00"
2026-05-09,1443,2026050805009849,SMJC,22,49,12,437.00,"5,244.00"
2026-05-09,1444,2026050805009603,SMJC,22,49,20,437.00,"8,740.00"
2026-05-09,1445,2026050805009568,SMJC,58,38,100,441.90,"44,190.00"
2026-05-09,1446,2026050805009545,SMJC,22,52,500,440.00,"220,000.00"
2026-05-09,1447,2026050805009544,SMJC,22,26,700,440.00,"308,000.00"
2026-05-09,1448,2026050805009542,SMJC,71,36,105,436.30,"45,811.50"
2026-05-09,1449,2026050805009488,SMJC,71,32,10,436.30,"4,363.00"
2026-05-09,1450,2026050805009795,SONA,41,62,23,435.10,"10,007.30"
2026-05-09,1451,2026050805009794,SONA,33,62,10,435.10,"4,351.00"
2026-05-09,1452,2026050805009793,SONA,56,62,10,435.20,"4,352.00"
2026-05-09,1453,2026050805009792,SONA,41,62,50,435.20,"21,760.00"
2026-05-09,1454,2026050805009791,SONA,41,62,40,435.20,"17,408.00"
2026-05-09,1455,2026050805009790,SONA,28,62,457,435.30,"198,932.10"
2026-05-09,1456,2026050805009789,SONA,49,62,500,436.00,"218,000.00"
2026-05-09,1457,2026050805009715,SONA,34,44,440,438.40,"192,896.00"
2026-05-09,1458,2026050805009714,SONA,34,83,500,438.00,"219,000.00"
2026-05-09,1459,2026050805009502,SONA,41,36,10,435.20,"4,352.00"
2026-05-09,1460,2026050805009779,SPC,5,68,50,459.00,"22,950.00"
2026-05-09,1461,2026050805009782,SPHL,40,57,10,508.00,"5,080.00"
2026-05-09,1462,2026050805009640,SPHL,40,22,15,507.10,"7,606.50"
2026-05-09,1463,2026050805009573,TAMOR,3,14,"3,000",433.00,"1,299,000.00"
2026-05-09,1464,2026050805009572,TAMOR,3,50,500,433.00,"216,500.00"
2026-05-09,1465,2026050805009571,TAMOR,3,34,30,433.00,"12,990.00"
2026-05-09,1466,2026050805009807,TPC,38,8,10,367.50,"3,675.00"
2026-05-09,1467,2026050805009757,TPC,38,17,40,367.40,"14,696.00"
2026-05-09,1468,2026050805009731,TPC,17,35,200,367.00,"73,400.00"
2026-05-09,1469,2026050805009608,TPC,45,34,420,366.00,"153,720.00"
2026-05-09,1470,2026050805009730,TPC,17,58,20,367.00,"7,340.00"
2026-05-09,1471,2026050805009729,TPC,17,45,20,367.00,"7,340.00"
2026-05-09,1472,2026050805009707,TPC,84,34,301,366.00,"110,166.00"
2026-05-09,1473,2026050805009688,TPC,54,34,70,366.00,"25,620.00"
2026-05-09,1474,2026050805009685,TPC,58,34,69,366.00,"25,254.00"
2026-05-09,1475,2026050805009563,TSHL,62,34,30,610.00,"18,300.00"
2026-05-09,1476,2026050805009670,TVCL,14,49,20,509.00,"10,180.00"
2026-05-09,1477,2026050805009684,UHEWA,17,49,47,564.00,"26,508.00"
2026-05-09,1478,2026050805009591,UHEWA,57,49,10,564.00,"5,640.00"
2026-05-09,1479,2026050805009844,ULHC,7,47,200,506.00,"101,200.00"
2026-05-09,1480,2026050805009772,ULHC,56,39,155,506.50,"78,507.50"
2026-05-09,1481,2026050805009746,ULHC,45,39,825,506.50,"417,862.50"
2026-05-09,1482,2026050805009546,ULHC,45,60,165,506.50,"83,572.50"
2026-05-09,1483,2026050805009523,ULHC,5,60,70,507.10,"35,497.00"
2026-05-09,1484,2026050805009522,ULHC,39,60,45,507.10,"22,819.50"
2026-05-09,1485,2026050805009521,ULHC,44,60,500,507.30,"253,650.00"
2026-05-09,1486,2026050805009520,ULHC,35,60,20,507.40,"10,148.00"
2026-05-09,1487,2026050805009519,ULHC,7,60,100,507.40,"50,740.00"
2026-05-09,1488,2026050805009518,ULHC,41,60,40,507.50,"20,300.00"
2026-05-09,1489,2026050805009957,USHEC,42,45,40,489.00,"19,560.00"
2026-05-09,1490,2026050805009951,USHEC,42,49,10,489.00,"4,890.00"
2026-05-09,1491,2026050805009836,USHEC,21,45,50,490.00,"24,500.00"
2026-05-09,1492,2026050805009835,USHEC,34,45,60,490.00,"29,400.00"
2026-05-09,1493,2026050805009834,USHEC,49,45,10,490.10,"4,901.00"
2026-05-09,1494,2026050805009537,USHEC,49,6,10,490.10,"4,901.00"
2026-05-09,1495,2026050805009580,VLUCL,88,17,420,483.00,"202,860.00"
2026-05-09,1496,2026050805009579,VLUCL,88,17,150,482.60,"72,390.00"
2026-05-09,1497,2026050805009578,VLUCL,88,21,10,482.00,"4,820.00"
2026-05-09,1498,2026050805009577,VLUCL,88,36,200,480.00,"96,000.00"
2026-05-09,1499,2026050805009576,VLUCL,88,56,10,480.00,"4,800.00"
2026-05-09,1500,2026050805009575,VLUCL,88,49,10,479.00,"4,790.00"
2026-05-09,1501,2026050805009197,AHL,56,74,40,520.00,"20,800.00"
2026-05-09,1502,2026050805009196,AHL,56,58,90,519.90,"46,791.00"
2026-05-09,1503,2026050805009195,AHL,56,42,70,519.00,"36,330.00"
2026-05-09,1504,2026050805009242,BEDC,7,16,250,360.00,"90,000.00"
2026-05-09,1505,2026050805009002,BEDC,54,38,50,358.00,"17,900.00"
2026-05-09,1506,2026050805009001,BEDC,45,38,100,358.10,"35,810.00"
2026-05-09,1507,2026050805009086,BEDC,7,25,80,359.00,"28,720.00"
2026-05-09,1508,2026050805009085,BEDC,7,16,50,358.90,"17,945.00"
2026-05-09,1509,2026050805009084,BEDC,7,47,40,358.80,"14,352.00"
2026-05-09,1510,2026050805009090,BEDC,7,29,130,360.00,"46,800.00"
2026-05-09,1511,2026050805009089,BEDC,7,44,500,359.90,"179,950.00"
2026-05-09,1512,2026050805009088,BEDC,7,58,100,359.70,"35,970.00"
2026-05-09,1513,2026050805009087,BEDC,7,58,100,359.00,"35,900.00"
2026-05-09,1514,2026050805009159,BEDC,7,38,20,360.00,"7,200.00"
2026-05-09,1515,2026050805009158,BEDC,7,54,10,360.00,"3,600.00"
2026-05-09,1516,2026050805009157,BEDC,7,87,50,360.00,"18,000.00"
2026-05-09,1517,2026050805009156,BEDC,7,29,170,360.00,"61,200.00"
