date,sn,contract_no,stock_symbol,buyer,seller,quantity,rate,amount
2026-04-28,1,2026042805016511,AHL,7,64,196,505.00,"98,980.00"
2026-04-28,2,2026042805016510,AHL,34,64,200,505.00,"101,000.00"
2026-04-28,3,2026042805016509,AHL,57,64,50,505.10,"25,255.00"
2026-04-28,4,2026042805016508,AHL,58,64,20,510.00,"10,200.00"
2026-04-28,5,2026042805016507,AHL,49,64,10,510.00,"5,100.00"
2026-04-28,6,2026042805016506,AHL,58,64,19,510.00,"9,690.00"
2026-04-28,7,2026042805016384,AHL,56,34,10,520.00,"5,200.00"
2026-04-28,8,2026042805016383,AHL,56,11,85,519.00,"44,115.00"
2026-04-28,9,2026042805016227,AHL,56,42,114,515.00,"58,710.00"
2026-04-28,10,2026042805016226,AHL,56,36,180,512.00,"92,160.00"
2026-04-28,11,2026042805016171,AHL,58,36,20,512.00,"10,240.00"
2026-04-28,12,2026042805016505,AHL,16,64,100,510.00,"51,000.00"
2026-04-28,13,2026042805016504,AHL,57,64,50,510.10,"25,505.00"
2026-04-28,14,2026042805016503,AHL,18,64,50,510.20,"25,510.00"
2026-04-28,15,2026042805016502,AHL,6,64,100,510.20,"51,020.00"
2026-04-28,16,2026042805016501,AHL,56,64,390,511.00,"199,290.00"
2026-04-28,17,2026042805016500,AHL,77,64,115,512.10,"58,891.50"
2026-04-28,18,2026042805016438,BEDC,34,45,50,379.00,"18,950.00"
2026-04-28,19,2026042805016422,BEDC,26,7,"4,396",377.00,"1,657,292.00"
2026-04-28,20,2026042805016421,BEDC,35,7,10,377.00,"3,770.00"
2026-04-28,21,2026042805016420,BEDC,67,7,50,378.00,"18,900.00"
2026-04-28,22,2026042805016419,BEDC,25,7,544,378.00,"205,632.00"
2026-04-28,23,2026042805016172,BEDC,47,45,80,377.00,"30,160.00"
2026-04-28,24,2026042805016072,BEDC,8,45,50,377.00,"18,850.00"
2026-04-28,25,2026042805016356,BEDC,25,90,250,378.00,"94,500.00"
2026-04-28,26,2026042805016355,BEDC,74,90,250,379.00,"94,750.00"
2026-04-28,27,2026042805016259,BEDC,25,13,30,378.00,"11,340.00"
2026-04-28,28,2026042805016208,BEDC,65,13,10,378.00,"3,780.00"
2026-04-28,29,2026042805016173,BEDC,38,45,20,377.00,"7,540.00"
2026-04-28,30,2026042805016485,BGWT,47,64,10,740.00,"7,400.00"
2026-04-28,31,2026042805016329,BHDC,33,48,15,463.00,"6,945.00"
2026-04-28,32,2026042805016328,BHDC,33,45,35,463.00,"16,205.00"
2026-04-28,33,2026042805016290,BHDC,57,58,88,462.00,"40,656.00"
2026-04-28,34,2026042805016532,BHL,43,22,250,218.00,"54,500.00"
2026-04-28,35,2026042805016531,BHL,41,25,50,217.50,"10,875.00"
2026-04-28,36,2026042805016319,BHL,74,22,545,218.00,"118,810.00"
2026-04-28,37,2026042805016318,BHL,74,48,46,218.00,"10,028.00"
2026-04-28,38,2026042805016317,BHL,74,17,"1,778",217.90,"387,426.20"
2026-04-28,39,2026042805016316,BHL,74,52,631,217.50,"137,242.50"
2026-04-28,40,2026042805016123,BHL,13,95,50,217.70,"10,885.00"
2026-04-28,41,2026042805016122,BHL,52,95,100,217.80,"21,780.00"
2026-04-28,42,2026042805016083,BHL,14,48,70,218.00,"15,260.00"
2026-04-28,43,2026042805016062,BHL,58,48,19,218.00,"4,142.00"
2026-04-28,44,2026042805016187,BHL,45,49,100,217.60,"21,760.00"
2026-04-28,45,2026042805016186,BHL,89,49,100,217.60,"21,760.00"
2026-04-28,46,2026042805016185,BHL,32,49,100,217.70,"21,770.00"
2026-04-28,47,2026042805016166,BHL,11,48,100,218.00,"21,800.00"
2026-04-28,48,2026042805016133,BHL,44,48,15,218.00,"3,270.00"
2026-04-28,49,2026042805016124,BHL,32,95,400,217.70,"87,080.00"
2026-04-28,50,2026042805016249,BHL,58,94,39,217.50,"8,482.50"
2026-04-28,51,2026042805016248,BHL,14,94,210,217.60,"45,696.00"
2026-04-28,52,2026042805016247,BHL,37,94,"1,000",217.70,"217,700.00"
2026-04-28,53,2026042805016207,BHL,41,48,80,218.00,"17,440.00"
2026-04-28,54,2026042805016206,BHL,41,38,20,217.80,"4,356.00"
2026-04-28,55,2026042805016188,BHL,58,49,620,217.50,"134,850.00"
2026-04-28,56,2026042805016255,BHL,39,94,631,217.50,"137,242.50"
2026-04-28,57,2026042805016254,BHL,14,94,150,217.50,"32,625.00"
2026-04-28,58,2026042805016253,BHL,49,94,20,217.50,"4,350.00"
2026-04-28,59,2026042805016252,BHL,89,94,500,217.50,"108,750.00"
2026-04-28,60,2026042805016251,BHL,42,94,250,217.50,"54,375.00"
2026-04-28,61,2026042805016250,BHL,35,94,500,217.50,"108,750.00"
2026-04-28,62,2026042805016268,BHL,57,95,432,217.20,"93,830.40"
2026-04-28,63,2026042805016267,BHL,8,95,"2,000",217.30,"434,600.00"
2026-04-28,64,2026042805016266,BHL,32,95,798,217.30,"173,405.40"
2026-04-28,65,2026042805016265,BHL,29,95,150,217.40,"32,610.00"
2026-04-28,66,2026042805016264,BHL,42,95,120,217.40,"26,088.00"
2026-04-28,67,2026042805016261,BHL,39,52,369,217.50,"80,257.50"
2026-04-28,68,2026042805016393,BHPL,75,6,100,527.00,"52,700.00"
2026-04-28,69,2026042805016175,BHPL,74,6,300,527.00,"158,100.00"
2026-04-28,70,2026042805016114,BHPL,4,6,100,527.00,"52,700.00"
2026-04-28,71,2026042805016113,BHPL,49,6,25,527.00,"13,175.00"
2026-04-28,72,2026042805016112,BHPL,45,6,200,527.10,"105,420.00"
2026-04-28,73,2026042805016274,BNHC,42,33,50,332.00,"16,600.00"
2026-04-28,74,2026042805016061,BNHC,54,75,5,332.00,"1,660.00"
2026-04-28,75,2026042805016060,BNHC,53,75,10,332.00,"3,320.00"
2026-04-28,76,2026042805016381,CHDC,13,34,50,"2,313.00","115,650.00"
2026-04-28,77,2026042805016118,CIT,6,26,25,"1,767.10","44,177.50"
2026-04-28,78,2026042805016367,CLI,49,57,122,456.10,"55,644.20"
2026-04-28,79,2026042805016366,CLI,49,57,200,456.20,"91,240.00"
2026-04-28,80,2026042805016365,CLI,49,57,200,456.20,"91,240.00"
2026-04-28,81,2026042805016364,CLI,42,57,435,456.20,"198,447.00"
2026-04-28,82,2026042805016363,CLI,58,57,10,456.30,"4,563.00"
2026-04-28,83,2026042805016362,CLI,42,57,33,456.30,"15,057.90"
2026-04-28,84,2026042805016212,CLI,42,17,67,456.30,"30,572.10"
2026-04-28,85,2026042805016211,CLI,75,17,26,456.30,"11,863.80"
2026-04-28,86,2026042805016203,DOLTI,74,53,182,379.70,"69,105.40"
2026-04-28,87,2026042805016202,DOLTI,74,53,18,379.50,"6,831.00"
2026-04-28,88,2026042805016437,DORDI,7,34,100,277.50,"27,750.00"
2026-04-28,89,2026042805016418,DORDI,42,48,329,277.00,"91,133.00"
2026-04-28,90,2026042805016417,DORDI,48,48,400,277.00,"110,800.00"
2026-04-28,91,2026042805016416,DORDI,43,48,200,277.00,"55,400.00"
2026-04-28,92,2026042805016415,DORDI,58,48,71,277.00,"19,667.00"
2026-04-28,93,2026042805016414,DORDI,48,48,200,277.10,"55,420.00"
2026-04-28,94,2026042805016055,DORDI,58,34,15,278.00,"4,170.00"
2026-04-28,95,2026042805016546,EHPL,19,57,20,394.10,"7,882.00"
2026-04-28,96,2026042805016441,EHPL,11,5,2,395.00,790.00
2026-04-28,97,2026042805016278,EHPL,36,57,50,396.00,"19,800.00"
2026-04-28,98,2026042805016512,GCIL,33,84,41,414.30,"16,986.30"
2026-04-28,99,2026042805016091,GCIL,42,84,121,414.00,"50,094.00"
2026-04-28,100,2026042805016090,GCIL,8,84,250,414.00,"103,500.00"
2026-04-28,101,2026042805016089,GCIL,41,84,200,414.00,"82,800.00"
2026-04-28,102,2026042805016088,GCIL,5,84,490,414.00,"202,860.00"
2026-04-28,103,2026042805016095,GCIL,21,84,372,414.00,"154,008.00"
2026-04-28,104,2026042805016092,GCIL,34,84,100,414.00,"41,400.00"
2026-04-28,105,2026042805016225,GCIL,37,21,30,417.00,"12,510.00"
2026-04-28,106,2026042805016354,GCIL,56,48,13,424.00,"5,512.00"
2026-04-28,107,2026042805016353,GCIL,56,62,25,420.00,"10,500.00"
2026-04-28,108,2026042805016352,GCIL,56,45,12,418.00,"5,016.00"
2026-04-28,109,2026042805016320,GIBF1,19,4,"19,500",11.16,"217,620.00"
2026-04-28,110,2026042805016460,GVL,65,26,11,488.40,"5,372.40"
2026-04-28,111,2026042805016443,GVL,25,90,100,488.50,"48,850.00"
2026-04-28,112,2026042805016524,HATHY,3,42,226,835.00,"188,710.00"
2026-04-28,113,2026042805016523,HATHY,45,42,10,835.00,"8,350.00"
2026-04-28,114,2026042805016522,HATHY,58,42,18,835.00,"15,030.00"
2026-04-28,115,2026042805016351,HATHY,58,45,29,835.00,"24,215.00"
2026-04-28,116,2026042805016275,HATHY,58,42,38,835.00,"31,730.00"
2026-04-28,117,2026042805016241,HATHY,58,58,75,835.00,"62,625.00"
2026-04-28,118,2026042805016204,HATHY,57,45,10,835.10,"8,351.00"
2026-04-28,119,2026042805016167,HATHY,32,45,235,835.10,"196,248.50"
2026-04-28,120,2026042805016542,HDL,25,22,18,"1,148.20","20,667.60"
2026-04-28,121,2026042805016541,HDL,58,22,10,"1,148.30","11,483.00"
2026-04-28,122,2026042805016540,HDL,45,22,10,"1,148.40","11,484.00"
2026-04-28,123,2026042805016539,HDL,45,22,12,"1,148.50","13,782.00"
2026-04-28,124,2026042805016076,HDL,7,22,10,"1,149.00","11,490.00"
2026-04-28,125,2026042805016070,HDL,47,45,11,"1,149.00","12,639.00"
2026-04-28,126,2026042805016192,HDL,77,90,20,"1,149.00","22,980.00"
2026-04-28,127,2026042805016191,HDL,7,90,10,"1,149.00","11,490.00"
2026-04-28,128,2026042805016377,HDL,18,90,100,"1,149.00","114,900.00"
2026-04-28,129,2026042805016263,HDL,45,58,38,"1,148.50","43,643.00"
2026-04-28,130,2026042805016498,HHL,92,45,100,388.00,"38,800.00"
2026-04-28,131,2026042805016409,HHL,8,48,119,390.00,"46,410.00"
2026-04-28,132,2026042805016408,HHL,8,45,100,390.00,"39,000.00"
2026-04-28,133,2026042805016407,HHL,8,45,300,390.00,"117,000.00"
2026-04-28,134,2026042805016406,HHL,8,59,300,390.00,"117,000.00"
2026-04-28,135,2026042805016140,HHL,88,14,60,389.00,"23,340.00"
2026-04-28,136,2026042805016139,HHL,88,66,10,388.90,"3,889.00"
2026-04-28,137,2026042805016138,HHL,88,66,10,388.80,"3,888.00"
2026-04-28,138,2026042805016137,HHL,88,66,10,388.70,"3,887.00"
2026-04-28,139,2026042805016136,HHL,88,66,10,388.60,"3,886.00"
2026-04-28,140,2026042805016135,HHL,88,33,100,388.00,"38,800.00"
2026-04-28,141,2026042805016148,HHL,8,66,231,389.20,"89,905.20"
2026-04-28,142,2026042805016147,HHL,8,19,10,389.00,"3,890.00"
2026-04-28,143,2026042805016146,HHL,8,40,500,389.00,"194,500.00"
2026-04-28,144,2026042805016145,HHL,8,39,50,389.00,"19,450.00"
2026-04-28,145,2026042805016144,HHL,8,59,130,389.00,"50,570.00"
2026-04-28,146,2026042805016143,HHL,8,14,440,389.00,"171,160.00"
2026-04-28,147,2026042805016399,HHL,8,34,486,389.40,"189,248.40"
2026-04-28,148,2026042805016153,HHL,8,34,"1,439",389.40,"560,346.60"
2026-04-28,149,2026042805016152,HHL,8,40,"1,000",389.40,"389,400.00"
2026-04-28,150,2026042805016151,HHL,8,48,200,389.30,"77,860.00"
2026-04-28,151,2026042805016150,HHL,8,32,200,389.30,"77,860.00"
2026-04-28,152,2026042805016149,HHL,8,45,300,389.20,"116,760.00"
2026-04-28,153,2026042805016405,HHL,8,54,600,390.00,"234,000.00"
2026-04-28,154,2026042805016404,HHL,8,22,500,390.00,"195,000.00"
2026-04-28,155,2026042805016403,HHL,8,45,100,390.00,"39,000.00"
2026-04-28,156,2026042805016402,HHL,8,34,370,390.00,"144,300.00"
2026-04-28,157,2026042805016401,HHL,8,42,125,389.90,"48,737.50"
2026-04-28,158,2026042805016400,HHL,8,52,200,389.50,"77,900.00"
2026-04-28,159,2026042805016491,HIDCL,57,57,300,269.90,"80,970.00"
2026-04-28,160,2026042805016490,HIDCL,57,14,142,269.90,"38,325.80"
2026-04-28,161,2026042805016489,HIDCL,57,3,132,269.90,"35,626.80"
2026-04-28,162,2026042805016488,HIDCL,57,41,50,269.50,"13,475.00"
2026-04-28,163,2026042805016487,HIDCL,57,58,300,268.90,"80,670.00"
2026-04-28,164,2026042805016486,HIDCL,57,25,70,268.20,"18,774.00"
2026-04-28,165,2026042805016458,HIDCL,62,25,10,268.20,"2,682.00"
2026-04-28,166,2026042805016163,HIDCL,14,45,60,268.00,"16,080.00"
2026-04-28,167,2026042805016101,HIDCL,14,25,100,268.00,"26,800.00"
2026-04-28,168,2026042805016100,HIDCL,14,54,31,268.00,"8,308.00"
2026-04-28,169,2026042805016064,HIDCL,32,4,950,267.80,"254,410.00"
2026-04-28,170,2026042805016521,HRL,94,57,12,685.50,"8,226.00"
2026-04-28,171,2026042805016520,HRL,94,43,288,685.20,"197,337.60"
2026-04-28,172,2026042805016453,HRL,32,57,495,685.10,"339,124.50"
2026-04-28,173,2026042805016452,HRL,42,43,10,685.20,"6,852.00"
2026-04-28,174,2026042805016427,HRL,54,43,268,685.20,"183,633.60"
2026-04-28,175,2026042805016398,HRL,1,57,30,685.50,"20,565.00"
2026-04-28,176,2026042805016065,HRL,47,32,10,686.00,"6,860.00"
2026-04-28,177,2026042805016063,HRL,14,32,100,686.00,"68,600.00"
2026-04-28,178,2026042805016084,HRL,47,59,10,686.00,"6,860.00"
2026-04-28,179,2026042805016082,HRL,53,59,20,686.00,"13,720.00"
2026-04-28,180,2026042805016081,HRL,53,32,80,686.00,"54,880.00"
2026-04-28,181,2026042805016073,HRL,32,34,21,685.10,"14,387.10"
2026-04-28,182,2026042805016132,HRL,75,59,10,686.00,"6,860.00"
2026-04-28,183,2026042805016115,HRL,48,32,144,685.20,"98,668.80"
2026-04-28,184,2026042805016284,HRL,62,43,79,686.00,"54,194.00"
2026-04-28,185,2026042805016283,HRL,62,59,21,686.00,"14,406.00"
2026-04-28,186,2026042805016194,HRL,4,34,12,685.20,"8,222.40"
2026-04-28,187,2026042805016189,HRL,32,56,10,685.10,"6,851.00"
2026-04-28,188,2026042805016168,HRL,48,90,56,685.20,"38,371.20"
2026-04-28,189,2026042805016376,HRL,54,34,100,685.20,"68,520.00"
2026-04-28,190,2026042805016370,HRL,58,57,60,685.50,"41,130.00"
2026-04-28,191,2026042805016357,HRL,54,45,10,685.20,"6,852.00"
2026-04-28,192,2026042805016323,HRL,54,25,50,685.20,"34,260.00"
2026-04-28,193,2026042805016287,HRL,54,38,10,685.20,"6,852.00"
2026-04-28,194,2026042805016451,ILI,42,49,12,435.70,"5,228.40"
2026-04-28,195,2026042805016397,ILI,35,4,22,436.00,"9,592.00"
2026-04-28,196,2026042805016174,ILI,19,4,10,436.00,"4,360.00"
2026-04-28,197,2026042805016111,ILI,58,4,18,436.00,"7,848.00"
2026-04-28,198,2026042805016423,KBSH,29,57,10,"1,620.00","16,200.00"
2026-04-28,199,2026042805016442,KDBY,42,49,100,11.54,"1,154.00"
2026-04-28,200,2026042805016270,KDBY,49,5,"2,283",11.36,"25,934.88"
2026-04-28,201,2026042805016222,KDBY,19,5,"6,000",11.37,"68,220.00"
2026-04-28,202,2026042805016273,KEF,42,20,100,10.79,"1,079.00"
2026-04-28,203,2026042805016190,MAKAR,96,58,60,503.00,"30,180.00"
2026-04-28,204,2026042805016161,MAKAR,96,57,40,503.00,"20,120.00"
2026-04-28,205,2026042805016552,MANDU,43,14,50,823.00,"41,150.00"
2026-04-28,206,2026042805016178,MANDU,63,43,200,805.50,"161,100.00"
2026-04-28,207,2026042805016324,MBJC,60,49,70,285.20,"19,964.00"
2026-04-28,208,2026042805016220,MBJC,60,60,12,285.20,"3,422.40"
2026-04-28,209,2026042805016219,MBJC,45,60,40,285.20,"11,408.00"
2026-04-28,210,2026042805016218,MBJC,1,60,500,285.30,"142,650.00"
2026-04-28,211,2026042805016217,MBJC,36,60,"1,200",285.40,"342,480.00"
2026-04-28,212,2026042805016216,MBJC,57,60,500,285.50,"142,750.00"
2026-04-28,213,2026042805016215,MBJC,32,60,600,285.50,"171,300.00"
2026-04-28,214,2026042805016214,MBJC,58,60,475,285.50,"135,612.50"
2026-04-28,215,2026042805016213,MBJC,43,60,40,285.60,"11,424.00"
2026-04-28,216,2026042805016304,MCHL,38,49,20,336.10,"6,722.00"
2026-04-28,217,2026042805016303,MCHL,7,49,10,336.20,"3,362.00"
2026-04-28,218,2026042805016302,MCHL,7,49,10,336.50,"3,365.00"
2026-04-28,219,2026042805016547,MEHL,57,38,10,407.50,"4,075.00"
2026-04-28,220,2026042805016068,MEHL,57,38,10,407.50,"4,075.00"
2026-04-28,221,2026042805016067,MEHL,57,42,40,407.00,"16,280.00"
2026-04-28,222,2026042805016107,MEL,58,82,100,253.20,"25,320.00"
2026-04-28,223,2026042805016080,MEL,58,41,10,253.20,"2,532.00"
2026-04-28,224,2026042805016156,MEL,7,89,30,253.30,"7,599.00"
2026-04-28,225,2026042805016110,MEL,33,82,225,253.00,"56,925.00"
2026-04-28,226,2026042805016109,MEL,43,82,100,253.10,"25,310.00"
2026-04-28,227,2026042805016108,MEL,74,82,100,253.10,"25,310.00"
2026-04-28,228,2026042805016157,MEL,7,13,28,254.00,"7,112.00"
2026-04-28,229,2026042805016301,MEL,7,94,42,254.00,"10,668.00"
2026-04-28,230,2026042805016315,MHCL,41,16,10,358.00,"3,580.00"
2026-04-28,231,2026042805016314,MHCL,41,4,10,358.00,"3,580.00"
2026-04-28,232,2026042805016313,MHCL,41,34,10,358.00,"3,580.00"
2026-04-28,233,2026042805016312,MHCL,41,42,10,358.00,"3,580.00"
2026-04-28,234,2026042805016311,MHCL,41,56,496,357.80,"177,468.80"
2026-04-28,235,2026042805016310,MHCL,41,57,100,357.70,"35,770.00"
2026-04-28,236,2026042805016309,MHCL,41,5,200,357.60,"71,520.00"
2026-04-28,237,2026042805016538,MHL,62,49,16,508.00,"8,128.00"
2026-04-28,238,2026042805016285,MHL,42,49,10,508.00,"5,080.00"
2026-04-28,239,2026042805016209,MHL,42,49,20,508.00,"10,160.00"
2026-04-28,240,2026042805016141,MKHC,58,44,10,321.70,"3,217.00"
2026-04-28,241,2026042805016277,MKHL,84,38,49,633.00,"31,017.00"
2026-04-28,242,2026042805016276,MKHL,57,38,11,634.00,"6,974.00"
2026-04-28,243,2026042805016233,MKHL,49,52,5,615.00,"3,075.00"
2026-04-28,244,2026042805016300,MMKJL,96,57,10,515.00,"5,150.00"
2026-04-28,245,2026042805016134,MMKJL,48,16,10,514.00,"5,140.00"
2026-04-28,246,2026042805016069,NBF3,32,48,100,9.86,986.00
2026-04-28,247,2026042805016160,NICFC,46,26,100,9.27,927.00
2026-04-28,248,2026042805016493,NIFRA,26,58,64,264.30,"16,915.20"
2026-04-28,249,2026042805016492,NIFRA,26,7,54,264.20,"14,266.80"
2026-04-28,250,2026042805016450,NIFRA,62,17,41,264.10,"10,828.10"
2026-04-28,251,2026042805016449,NIFRA,38,17,119,264.20,"31,439.80"
2026-04-28,252,2026042805016279,NIFRA,8,58,36,264.30,"9,514.80"
2026-04-28,253,2026042805016260,NIFRA,6,57,20,265.00,"5,300.00"
2026-04-28,254,2026042805016162,NIFRA,8,38,64,264.30,"16,915.20"
2026-04-28,255,2026042805016127,NIFRA,59,57,400,265.00,"106,000.00"
2026-04-28,256,2026042805016126,NIFRA,59,42,100,265.00,"26,500.00"
2026-04-28,257,2026042805016086,NIFRA,38,59,68,264.20,"17,965.60"
2026-04-28,258,2026042805016551,NRIC,34,45,10,910.00,"9,100.00"
2026-04-28,259,2026042805016548,NRIC,32,45,10,910.00,"9,100.00"
2026-04-28,260,2026042805016543,NRIC,85,45,11,910.00,"10,010.00"
2026-04-28,261,2026042805016526,NRIC,45,45,100,910.00,"91,000.00"
2026-04-28,262,2026042805016394,NRIC,48,45,100,910.00,"91,000.00"
2026-04-28,263,2026042805016103,NRIC,42,11,260,909.20,"236,392.00"
2026-04-28,264,2026042805016056,NRIC,42,74,10,909.20,"9,092.00"
2026-04-28,265,2026042805016234,NRIC,8,59,60,909.00,"54,540.00"
2026-04-28,266,2026042805016224,NRIC,34,45,74,910.00,"67,340.00"
2026-04-28,267,2026042805016165,NRIC,8,34,140,909.00,"127,260.00"
2026-04-28,268,2026042805016164,NRIC,58,34,10,910.00,"9,100.00"
2026-04-28,269,2026042805016105,NRIC,8,11,100,909.00,"90,900.00"
2026-04-28,270,2026042805016104,NRIC,58,11,10,909.10,"9,091.00"
2026-04-28,271,2026042805016373,NRIC,8,58,50,908.80,"45,440.00"
2026-04-28,272,2026042805016321,NRIC,8,38,53,908.80,"48,166.40"
2026-04-28,273,2026042805016256,NRIC,45,59,10,909.00,"9,090.00"
2026-04-28,274,2026042805016236,NRIC,14,59,10,909.00,"9,090.00"
2026-04-28,275,2026042805016235,NRIC,54,59,20,909.00,"18,180.00"
2026-04-28,276,2026042805016246,NRM,14,52,30,401.00,"12,030.00"
2026-04-28,277,2026042805016085,NRM,14,49,10,401.00,"4,010.00"
2026-04-28,278,2026042805016079,NRM,35,17,50,400.90,"20,045.00"
2026-04-28,279,2026042805016537,NRN,58,25,100,"1,475.00","147,500.00"
2026-04-28,280,2026042805016054,NRN,95,17,60,"1,464.00","87,840.00"
2026-04-28,281,2026042805016154,NRN,58,17,40,"1,464.00","58,560.00"
2026-04-28,282,2026042805016131,NRN,14,48,50,"1,460.00","73,000.00"
2026-04-28,283,2026042805016125,NRN,51,32,1,"1,417.00","1,417.00"
2026-04-28,284,2026042805016099,NRN,14,7,10,"1,460.00","14,600.00"
2026-04-28,285,2026042805016245,NRN,58,56,50,"1,460.00","73,000.00"
2026-04-28,286,2026042805016244,NRN,14,56,25,"1,460.00","36,500.00"
2026-04-28,287,2026042805016155,NRN,58,58,50,"1,465.00","73,250.00"
2026-04-28,288,2026042805016330,NRN,34,66,100,"1,461.10","146,110.00"
2026-04-28,289,2026042805016476,NRN,58,48,500,"1,469.80","734,900.00"
2026-04-28,290,2026042805016475,NRN,58,56,165,"1,469.70","242,500.50"
2026-04-28,291,2026042805016388,NRN,58,56,335,"1,469.70","492,349.50"
2026-04-28,292,2026042805016387,NRN,58,22,15,"1,466.00","21,990.00"
2026-04-28,293,2026042805016386,NRN,58,58,150,"1,465.00","219,750.00"
2026-04-28,294,2026042805016385,NRN,34,38,15,"1,461.10","21,916.50"
2026-04-28,295,2026042805016497,NRN,77,94,25,"1,465.00","36,625.00"
2026-04-28,296,2026042805016496,NRN,58,94,775,"1,474.00","1,142,350.00"
2026-04-28,297,2026042805016480,NRN,58,1,10,"1,474.00","14,740.00"
2026-04-28,298,2026042805016479,NRN,58,21,250,"1,470.00","367,500.00"
2026-04-28,299,2026042805016478,NRN,58,21,200,"1,470.00","294,000.00"
2026-04-28,300,2026042805016477,NRN,58,80,100,"1,470.00","147,000.00"
2026-04-28,301,2026042805016305,NTC,58,45,20,876.00,"17,520.00"
2026-04-28,302,2026042805016228,NTC,49,45,60,876.00,"52,560.00"
2026-04-28,303,2026042805016529,PHCL,25,56,"2,168",305.00,"661,240.00"
2026-04-28,304,2026042805016528,PHCL,25,58,"2,722",304.90,"829,937.80"
2026-04-28,305,2026042805016527,PHCL,25,13,110,304.20,"33,462.00"
2026-04-28,306,2026042805016446,PHCL,38,99,244,303.70,"74,102.80"
2026-04-28,307,2026042805016445,PHCL,43,99,200,303.80,"60,760.00"
2026-04-28,308,2026042805016444,PHCL,4,99,100,304.00,"30,400.00"
2026-04-28,309,2026042805016282,PHCL,81,58,278,304.90,"84,762.20"
2026-04-28,310,2026042805016281,PHCL,81,58,100,304.50,"30,450.00"
2026-04-28,311,2026042805016280,PHCL,81,57,262,304.30,"79,726.60"
2026-04-28,312,2026042805016545,PPL,34,34,10,356.00,"3,560.00"
2026-04-28,313,2026042805016456,PPL,34,34,27,356.00,"9,612.00"
2026-04-28,314,2026042805016455,PPL,34,34,100,355.00,"35,500.00"
2026-04-28,315,2026042805016454,PPL,34,90,373,354.00,"132,042.00"
2026-04-28,316,2026042805016262,PPL,49,90,10,354.00,"3,540.00"
2026-04-28,317,2026042805016229,PPL,22,90,32,354.00,"11,328.00"
2026-04-28,318,2026042805016097,PPL,35,90,85,354.00,"30,090.00"
2026-04-28,319,2026042805016096,PPL,58,34,500,355.00,"177,500.00"
2026-04-28,320,2026042805016525,RFPL,72,18,70,373.00,"26,110.00"
2026-04-28,321,2026042805016483,RFPL,1,52,997,372.50,"371,382.50"
2026-04-28,322,2026042805016482,RFPL,33,52,515,372.60,"191,889.00"
2026-04-28,323,2026042805016481,RFPL,21,52,500,373.00,"186,500.00"
2026-04-28,324,2026042805016170,RFPL,33,45,310,372.60,"115,506.00"
2026-04-28,325,2026042805016169,RFPL,94,45,500,373.00,"186,500.00"
2026-04-28,326,2026042805016534,RHGCL,41,74,247,300.00,"74,100.00"
2026-04-28,327,2026042805016533,RHGCL,41,60,53,299.00,"15,847.00"
2026-04-28,328,2026042805016530,RHGCL,45,60,10,299.00,"2,990.00"
2026-04-28,329,2026042805016429,RHGCL,49,60,10,299.00,"2,990.00"
2026-04-28,330,2026042805016369,RHGCL,36,45,50,296.20,"14,810.00"
2026-04-28,331,2026042805016368,RHGCL,34,45,50,296.30,"14,815.00"
2026-04-28,332,2026042805016258,RMF1,64,49,"4,246",9.88,"41,950.48"
2026-04-28,333,2026042805016257,RMF1,64,62,100,9.87,987.00
2026-04-28,334,2026042805016371,RNLI,53,45,12,461.90,"5,542.80"
2026-04-28,335,2026042805016102,RNLI,38,59,12,462.00,"5,544.00"
2026-04-28,336,2026042805016058,RNLI,38,36,1,450.00,450.00
2026-04-28,337,2026042805016286,RNLI,21,47,12,462.00,"5,544.00"
2026-04-28,338,2026042805016495,SAHAS,92,51,200,618.40,"123,680.00"
2026-04-28,339,2026042805016494,SAHAS,92,50,10,618.00,"6,180.00"
2026-04-28,340,2026042805016358,SAHAS,14,50,40,618.00,"24,720.00"
2026-04-28,341,2026042805016288,SAHAS,48,6,20,617.80,"12,356.00"
2026-04-28,342,2026042805016117,SAHAS,48,36,100,617.80,"61,780.00"
2026-04-28,343,2026042805016550,SANVI,36,22,45,704.00,"31,680.00"
2026-04-28,344,2026042805016549,SANVI,36,62,15,703.00,"10,545.00"
2026-04-28,345,2026042805016536,SANVI,39,58,10,702.00,"7,020.00"
2026-04-28,346,2026042805016535,SANVI,39,57,10,700.00,"7,000.00"
2026-04-28,347,2026042805016289,SANVI,25,57,10,700.00,"7,000.00"
2026-04-28,348,2026042805016128,SANVI,74,59,100,695.00,"69,500.00"
2026-04-28,349,2026042805016201,SGHC,44,34,38,370.40,"14,075.20"
2026-04-28,350,2026042805016200,SGHC,74,34,100,370.40,"37,040.00"
2026-04-28,351,2026042805016199,SGHC,17,34,60,370.50,"22,230.00"
2026-04-28,352,2026042805016198,SGHC,11,34,270,370.50,"100,035.00"
2026-04-28,353,2026042805016197,SGHC,13,34,50,370.60,"18,530.00"
2026-04-28,354,2026042805016196,SGHC,59,34,50,370.70,"18,535.00"
2026-04-28,355,2026042805016195,SGHC,54,34,32,371.00,"11,872.00"
2026-04-28,356,2026042805016078,SGHC,11,6,30,370.50,"11,115.00"
2026-04-28,357,2026042805016077,SGHC,29,6,100,370.60,"37,060.00"
2026-04-28,358,2026042805016462,SHIVM,16,47,50,666.00,"33,300.00"
2026-04-28,359,2026042805016461,SHIVM,29,47,438,666.00,"291,708.00"
2026-04-28,360,2026042805016459,SHIVM,29,56,25,666.00,"16,650.00"
2026-04-28,361,2026042805016448,SHIVM,29,33,37,666.00,"24,642.00"
2026-04-28,362,2026042805016447,SHIVM,86,33,296,666.00,"197,136.00"
2026-04-28,363,2026042805016440,SHIVM,86,39,100,666.00,"66,600.00"
2026-04-28,364,2026042805016074,SHIVM,74,42,30,665.30,"19,959.00"
2026-04-28,365,2026042805016057,SHIVM,42,45,20,666.00,"13,320.00"
2026-04-28,366,2026042805016121,SHIVM,66,19,96,665.20,"63,859.20"
2026-04-28,367,2026042805016120,SHIVM,66,19,184,665.20,"122,396.80"
2026-04-28,368,2026042805016119,SHIVM,74,19,970,665.30,"645,341.00"
2026-04-28,369,2026042805016094,SHIVM,38,45,200,666.00,"133,200.00"
2026-04-28,370,2026042805016093,SHIVM,58,48,2,674.00,"1,348.00"
2026-04-28,371,2026042805016075,SHIVM,52,45,10,666.00,"6,660.00"
2026-04-28,372,2026042805016293,SHIVM,33,91,375,665.20,"249,450.00"
2026-04-28,373,2026042805016292,SHIVM,66,91,244,665.20,"162,308.80"
2026-04-28,374,2026042805016291,SHIVM,66,91,289,665.20,"192,242.80"
2026-04-28,375,2026042805016223,SHIVM,58,48,2,670.00,"1,340.00"
2026-04-28,376,2026042805016210,SHIVM,42,45,15,666.00,"9,990.00"
2026-04-28,377,2026042805016205,SHIVM,66,58,115,665.20,"76,498.00"
2026-04-28,378,2026042805016299,SHIVM,74,91,173,665.10,"115,062.30"
2026-04-28,379,2026042805016298,SHIVM,17,91,384,665.10,"255,398.40"
2026-04-28,380,2026042805016297,SHIVM,49,91,55,665.20,"36,586.00"
2026-04-28,381,2026042805016296,SHIVM,7,91,110,665.20,"73,172.00"
2026-04-28,382,2026042805016295,SHIVM,66,91,370,665.20,"246,124.00"
2026-04-28,383,2026042805016294,SHIVM,38,91,100,665.20,"66,520.00"
2026-04-28,384,2026042805016428,SHIVM,34,34,500,666.50,"333,250.00"
2026-04-28,385,2026042805016375,SHIVM,86,57,25,666.00,"16,650.00"
2026-04-28,386,2026042805016374,SHIVM,86,45,579,666.00,"385,614.00"
2026-04-28,387,2026042805016361,SHIVM,74,33,470,665.10,"312,597.00"
2026-04-28,388,2026042805016360,SHIVM,50,33,30,665.20,"19,956.00"
2026-04-28,389,2026042805016359,SHIVM,43,45,45,666.00,"29,970.00"
2026-04-28,390,2026042805016519,SMATA,45,51,250,766.00,"191,500.00"
2026-04-28,391,2026042805016518,SMATA,84,51,100,766.50,"76,650.00"
2026-04-28,392,2026042805016517,SMATA,35,51,20,766.90,"15,338.00"
2026-04-28,393,2026042805016516,SMATA,79,51,10,767.00,"7,670.00"
2026-04-28,394,2026042805016515,SMATA,52,51,125,767.00,"95,875.00"
2026-04-28,395,2026042805016514,SMATA,57,51,69,767.00,"52,923.00"
2026-04-28,396,2026042805016331,SMATA,13,51,21,769.00,"16,149.00"
2026-04-28,397,2026042805016232,SMATA,45,51,10,770.00,"7,700.00"
2026-04-28,398,2026042805016231,SMATA,35,51,144,770.00,"110,880.00"
2026-04-28,399,2026042805016513,SMATA,45,51,166,768.00,"127,488.00"
2026-04-28,400,2026042805016426,SMATA,45,51,134,768.00,"102,912.00"
2026-04-28,401,2026042805016335,SMATA,45,51,100,768.00,"76,800.00"
2026-04-28,402,2026042805016334,SMATA,59,51,100,768.00,"76,800.00"
2026-04-28,403,2026042805016333,SMATA,32,51,125,768.00,"96,000.00"
2026-04-28,404,2026042805016332,SMATA,50,51,20,768.10,"15,362.00"
2026-04-28,405,2026042805016436,SMH,18,48,186,568.00,"105,648.00"
2026-04-28,406,2026042805016435,SMH,45,48,50,569.00,"28,450.00"
2026-04-28,407,2026042805016434,SMH,7,48,175,569.00,"99,575.00"
2026-04-28,408,2026042805016433,SMH,65,48,64,569.10,"36,422.40"
2026-04-28,409,2026042805016372,SMH,41,42,10,571.00,"5,710.00"
2026-04-28,410,2026042805016230,SMH,41,42,10,571.00,"5,710.00"
2026-04-28,411,2026042805016142,SMH,29,57,10,570.00,"5,700.00"
2026-04-28,412,2026042805016098,SMH,41,42,10,571.00,"5,710.00"
2026-04-28,413,2026042805016071,SMH,52,57,10,570.00,"5,700.00"
2026-04-28,414,2026042805016411,SMHL,4,34,254,498.00,"126,492.00"
2026-04-28,415,2026042805016410,SMHL,58,34,70,499.00,"34,930.00"
2026-04-28,416,2026042805016240,SMHL,8,34,10,500.00,"5,000.00"
2026-04-28,417,2026042805016239,SMHL,38,34,100,500.00,"50,000.00"
2026-04-28,418,2026042805016238,SMHL,54,34,30,500.00,"15,000.00"
2026-04-28,419,2026042805016237,SMHL,4,34,36,500.00,"18,000.00"
2026-04-28,420,2026042805016059,SMHL,4,34,28,500.00,"14,000.00"
2026-04-28,421,2026042805016499,SMJC,43,99,10,467.00,"4,670.00"
2026-04-28,422,2026042805016484,SMJC,46,99,100,467.00,"46,700.00"
2026-04-28,423,2026042805016457,SMJC,50,34,10,466.00,"4,660.00"
2026-04-28,424,2026042805016307,SMJC,50,22,57,466.00,"26,562.00"
2026-04-28,425,2026042805016306,SMJC,65,22,100,466.10,"46,610.00"
2026-04-28,426,2026042805016269,SMJC,50,11,52,466.00,"24,232.00"
2026-04-28,427,2026042805016066,SMJC,49,58,10,466.00,"4,660.00"
2026-04-28,428,2026042805016544,SONA,58,21,10,437.00,"4,370.00"
2026-04-28,429,2026042805016413,SONA,42,34,10,436.10,"4,361.00"
2026-04-28,430,2026042805016272,SONA,40,39,260,436.00,"113,360.00"
2026-04-28,431,2026042805016271,SONA,33,39,40,436.00,"17,440.00"
2026-04-28,432,2026042805016106,SONA,33,38,10,436.00,"4,360.00"
2026-04-28,433,2026042805016087,SONA,33,94,50,436.00,"21,800.00"
2026-04-28,434,2026042805016412,SPC,67,57,11,470.00,"5,170.00"
2026-04-28,435,2026042805016243,SPC,35,45,140,469.90,"65,786.00"
2026-04-28,436,2026042805016242,SPC,35,43,40,469.80,"18,792.00"
2026-04-28,437,2026042805016380,SPHL,42,74,10,523.00,"5,230.00"
2026-04-28,438,2026042805016379,SPHL,42,11,130,520.00,"67,600.00"
2026-04-28,439,2026042805016177,TAMOR,39,39,100,443.00,"44,300.00"
2026-04-28,440,2026042805016176,TAMOR,19,39,30,443.00,"13,290.00"
2026-04-28,441,2026042805016553,TPC,48,74,10,373.50,"3,735.00"
2026-04-28,442,2026042805016425,TPC,59,47,90,373.00,"33,570.00"
2026-04-28,443,2026042805016424,TPC,59,62,"2,490",373.00,"928,770.00"
2026-04-28,444,2026042805016389,TPC,38,62,10,373.00,"3,730.00"
2026-04-28,445,2026042805016184,TPC,48,62,729,371.50,"270,823.50"
2026-04-28,446,2026042805016183,TPC,36,62,50,371.60,"18,580.00"
2026-04-28,447,2026042805016182,TPC,22,62,12,372.00,"4,464.00"
2026-04-28,448,2026042805016181,TPC,39,62,100,372.00,"37,200.00"
2026-04-28,449,2026042805016180,TPC,51,62,18,372.00,"6,696.00"
2026-04-28,450,2026042805016179,TPC,38,62,91,372.00,"33,852.00"
2026-04-28,451,2026042805016396,TSHL,1,42,40,647.00,"25,880.00"
2026-04-28,452,2026042805016395,TSHL,1,36,10,646.00,"6,460.00"
2026-04-28,453,2026042805016378,TSHL,17,36,10,646.00,"6,460.00"
2026-04-28,454,2026042805016193,TVCL,14,49,10,559.00,"5,590.00"
2026-04-28,455,2026042805016474,ULHC,17,58,50,485.00,"24,250.00"
2026-04-28,456,2026042805016473,ULHC,26,58,20,498.70,"9,974.00"
2026-04-28,457,2026042805016472,ULHC,46,58,25,498.80,"12,470.00"
2026-04-28,458,2026042805016471,ULHC,89,58,"1,000",499.00,"499,000.00"
2026-04-28,459,2026042805016470,ULHC,16,58,"1,000",499.00,"499,000.00"
2026-04-28,460,2026042805016469,ULHC,26,58,320,499.00,"159,680.00"
2026-04-28,461,2026042805016158,ULHC,44,60,130,513.30,"66,729.00"
2026-04-28,462,2026042805016130,ULHC,44,48,370,513.30,"189,921.00"
2026-04-28,463,2026042805016129,ULHC,57,48,40,514.00,"20,560.00"
2026-04-28,464,2026042805016116,ULHC,57,49,10,514.00,"5,140.00"
2026-04-28,465,2026042805016339,ULHC,14,58,50,510.00,"25,500.00"
2026-04-28,466,2026042805016338,ULHC,41,58,20,510.10,"10,202.00"
2026-04-28,467,2026042805016337,ULHC,44,58,16,511.00,"8,176.00"
2026-04-28,468,2026042805016336,ULHC,11,58,210,514.10,"107,961.00"
2026-04-28,469,2026042805016308,ULHC,11,60,90,513.00,"46,170.00"
2026-04-28,470,2026042805016159,ULHC,74,60,20,513.20,"10,264.00"
2026-04-28,471,2026042805016345,ULHC,17,58,100,500.10,"50,010.00"
2026-04-28,472,2026042805016344,ULHC,33,58,500,500.10,"250,050.00"
2026-04-28,473,2026042805016343,ULHC,34,58,500,501.10,"250,550.00"
2026-04-28,474,2026042805016342,ULHC,42,58,330,505.00,"166,650.00"
2026-04-28,475,2026042805016341,ULHC,99,58,240,510.00,"122,400.00"
2026-04-28,476,2026042805016340,ULHC,91,58,290,510.00,"147,900.00"
2026-04-28,477,2026042805016439,ULHC,56,46,10,514.00,"5,140.00"
2026-04-28,478,2026042805016350,ULHC,99,58,941,500.00,"470,500.00"
2026-04-28,479,2026042805016349,ULHC,57,58,553,500.00,"276,500.00"
2026-04-28,480,2026042805016348,ULHC,60,58,"1,000",500.00,"500,000.00"
2026-04-28,481,2026042805016347,ULHC,45,58,200,500.00,"100,000.00"
2026-04-28,482,2026042805016346,ULHC,99,58,50,500.00,"25,000.00"
2026-04-28,483,2026042805016468,ULHC,49,58,200,499.00,"99,800.00"
2026-04-28,484,2026042805016467,ULHC,42,58,300,500.00,"150,000.00"
2026-04-28,485,2026042805016466,ULHC,91,58,"1,000",500.00,"500,000.00"
2026-04-28,486,2026042805016465,ULHC,38,58,170,500.00,"85,000.00"
2026-04-28,487,2026042805016464,ULHC,99,58,"1,059",500.00,"529,500.00"
2026-04-28,488,2026042805016463,ULHC,36,58,500,510.20,"255,100.00"
2026-04-28,489,2026042805016382,USHEC,65,34,140,487.50,"68,250.00"
2026-04-28,490,2026042805016322,USHEC,42,16,120,485.50,"58,260.00"
2026-04-28,491,2026042805016432,USHL,34,58,10,650.00,"6,500.00"
2026-04-28,492,2026042805016431,USHL,34,13,40,645.00,"25,800.00"
2026-04-28,493,2026042805016430,USHL,34,14,93,644.00,"59,892.00"
2026-04-28,494,2026042805016327,USHL,59,47,270,630.50,"170,235.00"
2026-04-28,495,2026042805016326,USHL,17,47,100,635.00,"63,500.00"
2026-04-28,496,2026042805016325,USHL,13,47,40,635.10,"25,404.00"
2026-04-28,497,2026042805016221,USHL,82,14,10,644.00,"6,440.00"
2026-04-28,498,2026042805016392,VLUCL,26,41,50,512.20,"25,610.00"
2026-04-28,499,2026042805016391,VLUCL,57,41,10,512.30,"5,123.00"
2026-04-28,500,2026042805016390,VLUCL,35,41,20,512.40,"10,248.00"
2026-04-28,501,2026042805016028,BEDC,34,13,20,378.00,"7,560.00"
2026-04-28,502,2026042805015955,BEDC,45,45,100,377.00,"37,700.00"
2026-04-28,503,2026042805015954,BEDC,58,45,20,377.00,"7,540.00"
2026-04-28,504,2026042805015953,BEDC,58,45,25,377.00,"9,425.00"
2026-04-28,505,2026042805015857,BEDC,42,45,400,377.10,"150,840.00"
2026-04-28,506,2026042805015778,BEDC,42,70,600,377.10,"226,260.00"
2026-04-28,507,2026042805015641,BEDC,45,45,10,377.00,"3,770.00"
2026-04-28,508,2026042805015604,BEDC,45,45,237,377.00,"89,349.00"
2026-04-28,509,2026042805015719,BEDC,35,45,21,377.00,"7,917.00"
2026-04-28,510,2026042805015683,BEDC,45,45,40,377.00,"15,080.00"
2026-04-28,511,2026042805015652,BEDC,58,13,10,378.00,"3,780.00"
2026-04-28,512,2026042805015829,BGWT,47,45,191,735.00,"140,385.00"
2026-04-28,513,2026042805015828,BGWT,47,45,10,735.00,"7,350.00"
2026-04-28,514,2026042805015827,BGWT,47,11,11,735.00,"8,085.00"
2026-04-28,515,2026042805016038,BHL,45,48,10,218.00,"2,180.00"
2026-04-28,516,2026042805015925,BHL,1,48,110,218.00,"23,980.00"
2026-04-28,517,2026042805015924,BHL,1,6,50,218.00,"10,900.00"
2026-04-28,518,2026042805015923,BHL,1,42,40,217.90,"8,716.00"
2026-04-28,519,2026042805015832,BHL,58,95,164,217.50,"35,670.00"
2026-04-28,520,2026042805015831,BHL,58,8,177,217.40,"38,479.80"
2026-04-28,521,2026042805015600,BHL,52,58,10,218.00,"2,180.00"
2026-04-28,522,2026042805015708,BHL,1,49,130,218.00,"28,340.00"
2026-04-28,523,2026042805015687,BHL,1,34,850,218.00,"185,300.00"
2026-04-28,524,2026042805015644,BHL,1,49,20,218.00,"4,360.00"
2026-04-28,525,2026042805015643,BHL,50,49,500,218.00,"109,000.00"
2026-04-28,526,2026042805015642,BHL,52,49,20,218.00,"4,360.00"
2026-04-28,527,2026042805015629,BHL,52,45,20,218.00,"4,360.00"
2026-04-28,528,2026042805015717,BHL,57,95,100,217.50,"21,750.00"
2026-04-28,529,2026042805015713,BHL,38,95,20,217.50,"4,350.00"
2026-04-28,530,2026042805015712,BHL,57,95,100,217.50,"21,750.00"
2026-04-28,531,2026042805015711,BHL,16,95,30,217.50,"6,525.00"
2026-04-28,532,2026042805015710,BHL,42,95,397,217.50,"86,347.50"
2026-04-28,533,2026042805015709,BHL,7,95,50,217.60,"10,880.00"
2026-04-28,534,2026042805015814,BHL,32,49,202,217.30,"43,894.60"
2026-04-28,535,2026042805015813,BHL,41,49,148,217.30,"32,160.40"
2026-04-28,536,2026042805015812,BHL,7,49,500,217.30,"108,650.00"
2026-04-28,537,2026042805015773,BHL,58,8,23,217.40,"5,000.20"
2026-04-28,538,2026042805015738,BHL,35,95,139,217.50,"30,232.50"
2026-04-28,539,2026042805015718,BHL,39,95,200,217.50,"43,500.00"
2026-04-28,540,2026042805015692,BHPL,34,47,10,533.00,"5,330.00"
2026-04-28,541,2026042805015679,BHPL,34,51,180,530.00,"95,400.00"
2026-04-28,542,2026042805015588,BHPL,34,57,10,530.00,"5,300.00"
2026-04-28,543,2026042805015861,BNHC,35,75,15,332.00,"4,980.00"
2026-04-28,544,2026042805015571,BNHC,14,43,229,334.00,"76,486.00"
2026-04-28,545,2026042805015570,BNHC,14,58,100,334.00,"33,400.00"
2026-04-28,546,2026042805015569,BNHC,14,26,350,333.90,"116,865.00"
2026-04-28,547,2026042805015568,BNHC,14,59,100,333.80,"33,380.00"
2026-04-28,548,2026042805015567,BNHC,14,57,75,333.00,"24,975.00"
2026-04-28,549,2026042805015566,BNHC,14,45,126,333.00,"41,958.00"
2026-04-28,550,2026042805015565,BNHC,14,59,20,332.90,"6,658.00"
2026-04-28,551,2026042805015592,CHDC,52,60,12,"2,310.00","27,720.00"
2026-04-28,552,2026042805015963,CIT,6,26,100,"1,767.10","176,710.00"
2026-04-28,553,2026042805015935,CIT,6,59,53,"1,767.10","93,656.30"
2026-04-28,554,2026042805015934,CIT,43,59,30,"1,767.10","53,013.00"
2026-04-28,555,2026042805015933,CIT,44,59,10,"1,767.20","17,672.00"
2026-04-28,556,2026042805015932,CIT,42,59,15,"1,767.50","26,512.50"
2026-04-28,557,2026042805015826,CLI,75,7,13,456.30,"5,931.90"
2026-04-28,558,2026042805015767,CLI,75,49,13,456.30,"5,931.90"
2026-04-28,559,2026042805015727,CLI,75,38,13,456.30,"5,931.90"
2026-04-28,560,2026042805015648,CLI,56,49,13,456.30,"5,931.90"
2026-04-28,561,2026042805015647,CLI,29,57,10,457.00,"4,570.00"
2026-04-28,562,2026042805015645,DOLTI,35,53,32,379.50,"12,144.00"
2026-04-28,563,2026042805015585,DOLTI,42,58,250,378.00,"94,500.00"
2026-04-28,564,2026042805015961,DORDI,5,34,45,278.00,"12,510.00"
2026-04-28,565,2026042805015874,DORDI,58,32,60,277.00,"16,620.00"
2026-04-28,566,2026042805015863,DORDI,58,34,100,277.00,"27,700.00"
2026-04-28,567,2026042805015790,DORDI,58,32,10,277.00,"2,770.00"
2026-04-28,568,2026042805015736,DORDI,1,34,98,278.00,"27,244.00"
2026-04-28,569,2026042805015735,DORDI,1,5,102,277.90,"28,345.80"
2026-04-28,570,2026042805015949,EHPL,36,10,150,396.00,"59,400.00"
2026-04-28,571,2026042805015838,EHPL,29,45,10,397.00,"3,970.00"
2026-04-28,572,2026042805015777,EHPL,19,39,22,394.10,"8,670.20"
2026-04-28,573,2026042805015776,EHPL,57,39,100,394.20,"39,420.00"
2026-04-28,574,2026042805015775,EHPL,34,39,58,394.20,"22,863.60"
2026-04-28,575,2026042805015774,EHPL,22,39,10,394.30,"3,943.00"
2026-04-28,576,2026042805015737,EHPL,14,38,28,395.00,"11,060.00"
2026-04-28,577,2026042805015656,EHPL,87,39,100,396.00,"39,600.00"
2026-04-28,578,2026042805016004,ENL,28,38,30,895.00,"26,850.00"
2026-04-28,579,2026042805015970,ENL,58,10,30,891.00,"26,730.00"
2026-04-28,580,2026042805015845,ENL,44,10,20,891.10,"17,822.00"
2026-04-28,581,2026042805016037,GCIL,5,84,10,414.00,"4,140.00"
2026-04-28,582,2026042805016036,GCIL,25,84,175,414.20,"72,485.00"
2026-04-28,583,2026042805016035,GCIL,28,84,20,414.50,"8,290.00"
2026-04-28,584,2026042805015655,GCIL,59,1,50,416.00,"20,800.00"
2026-04-28,585,2026042805015892,GCIL,44,84,387,417.00,"161,379.00"
2026-04-28,586,2026042805015898,GCIL,4,84,99,416.00,"41,184.00"
2026-04-28,587,2026042805015897,GCIL,21,84,500,416.00,"208,000.00"
2026-04-28,588,2026042805015896,GCIL,57,84,50,416.00,"20,800.00"
2026-04-28,589,2026042805015895,GCIL,58,84,20,416.00,"8,320.00"
2026-04-28,590,2026042805015894,GCIL,34,84,100,416.00,"41,600.00"
2026-04-28,591,2026042805015893,GCIL,59,84,36,416.00,"14,976.00"
2026-04-28,592,2026042805015904,GCIL,57,84,20,415.00,"8,300.00"
2026-04-28,593,2026042805015903,GCIL,1,84,500,415.10,"207,550.00"
2026-04-28,594,2026042805015902,GCIL,19,84,245,415.20,"101,724.00"
2026-04-28,595,2026042805015901,GCIL,41,84,100,415.20,"41,520.00"
2026-04-28,596,2026042805015900,GCIL,58,84,200,416.00,"83,200.00"
2026-04-28,597,2026042805015899,GCIL,51,84,80,416.00,"33,280.00"
2026-04-28,598,2026042805015910,GCIL,32,84,15,415.00,"6,225.00"
2026-04-28,599,2026042805015909,GCIL,48,84,150,415.00,"62,250.00"
2026-04-28,600,2026042805015908,GCIL,34,84,20,415.00,"8,300.00"
2026-04-28,601,2026042805015907,GCIL,41,84,50,415.00,"20,750.00"
2026-04-28,602,2026042805015906,GCIL,57,84,50,415.00,"20,750.00"
2026-04-28,603,2026042805015905,GCIL,34,84,400,415.00,"166,000.00"
2026-04-28,604,2026042805015916,GCIL,58,84,120,415.00,"49,800.00"
2026-04-28,605,2026042805015915,GCIL,28,84,50,415.00,"20,750.00"
2026-04-28,606,2026042805015914,GCIL,6,84,15,415.00,"6,225.00"
2026-04-28,607,2026042805015913,GCIL,37,84,325,415.00,"134,875.00"
2026-04-28,608,2026042805015912,GCIL,56,84,250,415.00,"103,750.00"
2026-04-28,609,2026042805015911,GCIL,6,84,10,415.00,"4,150.00"
2026-04-28,610,2026042805015946,GCIL,42,84,100,415.00,"41,500.00"
2026-04-28,611,2026042805015919,GCIL,46,84,50,415.00,"20,750.00"
2026-04-28,612,2026042805015918,GCIL,57,84,800,415.00,"332,000.00"
2026-04-28,613,2026042805015917,GCIL,35,84,53,415.00,"21,995.00"
2026-04-28,614,2026042805015986,GCIL,25,84,825,414.20,"341,715.00"
2026-04-28,615,2026042805015985,GCIL,57,84,50,414.20,"20,710.00"
2026-04-28,616,2026042805015984,GCIL,5,84,125,414.20,"51,775.00"
2026-04-28,617,2026042805015983,GCIL,62,84,"1,000",415.00,"415,000.00"
2026-04-28,618,2026042805016017,GIBF1,85,49,"5,000",11.13,"55,650.00"
2026-04-28,619,2026042805015993,GVL,52,90,240,488.50,"117,240.00"
2026-04-28,620,2026042805015972,GVL,52,19,260,488.50,"127,010.00"
2026-04-28,621,2026042805015891,GVL,58,38,10,490.00,"4,900.00"
2026-04-28,622,2026042805015867,GVL,58,38,10,490.00,"4,900.00"
2026-04-28,623,2026042805015996,HATHY,32,8,240,835.10,"200,424.00"
2026-04-28,624,2026042805015716,HATHY,32,49,25,835.10,"20,877.50"
2026-04-28,625,2026042805015649,HATHY,57,58,25,836.00,"20,900.00"
2026-04-28,626,2026042805015601,HATHY,62,58,100,836.00,"83,600.00"
2026-04-28,627,2026042805015988,HDL,13,45,10,"1,149.00","11,490.00"
2026-04-28,628,2026042805015612,HDL,47,6,1,"1,148.70","1,148.70"
2026-04-28,629,2026042805015583,HDL,36,90,28,"1,149.00","32,172.00"
2026-04-28,630,2026042805015559,HDL,47,80,1,"1,148.00","1,148.00"
2026-04-28,631,2026042805015722,HDL,48,17,30,"1,148.50","34,455.00"
2026-04-28,632,2026042805015721,HDL,58,17,50,"1,149.00","57,450.00"
2026-04-28,633,2026042805015681,HDL,34,35,200,"1,149.00","229,800.00"
2026-04-28,634,2026042805015761,HDL,18,90,57,"1,148.30","65,453.10"
2026-04-28,635,2026042805015760,HDL,49,90,25,"1,148.50","28,712.50"
2026-04-28,636,2026042805015759,HDL,1,90,10,"1,149.00","11,490.00"
2026-04-28,637,2026042805015966,HDL,41,45,29,"1,149.00","33,321.00"
2026-04-28,638,2026042805015865,HHL,45,66,259,389.20,"100,802.80"
2026-04-28,639,2026042805016049,HIDCL,32,41,10,267.80,"2,678.00"
2026-04-28,640,2026042805016002,HIDCL,93,54,29,268.00,"7,772.00"
2026-04-28,641,2026042805015870,HIDCL,14,38,48,267.70,"12,849.60"
2026-04-28,642,2026042805015779,HIDCL,46,34,100,268.00,"26,800.00"
2026-04-28,643,2026042805015754,HIDCL,41,34,373,268.00,"99,964.00"
2026-04-28,644,2026042805015715,HIDCL,1,39,1,260.00,260.00
2026-04-28,645,2026042805015684,HIDCL,1,21,6,260.00,"1,560.00"
2026-04-28,646,2026042805015646,HIDCL,14,80,899,267.70,"240,662.30"
2026-04-28,647,2026042805015632,HIDCL,58,34,75,268.00,"20,100.00"
2026-04-28,648,2026042805015611,HIDCL,14,34,60,267.70,"16,062.00"
2026-04-28,649,2026042805015599,HIDCL,14,45,100,267.70,"26,770.00"
2026-04-28,650,2026042805015555,HIDCL,38,34,150,268.00,"40,200.00"
2026-04-28,651,2026042805016050,HRL,7,32,100,686.00,"68,600.00"
2026-04-28,652,2026042805016039,HRL,58,32,500,686.00,"343,000.00"
2026-04-28,653,2026042805016016,HRL,1,58,6,685.00,"4,110.00"
2026-04-28,654,2026042805015998,HRL,4,32,10,686.00,"6,860.00"
2026-04-28,655,2026042805015992,HRL,4,1,10,686.00,"6,860.00"
2026-04-28,656,2026042805015982,HRL,32,101,294,685.10,"201,419.40"
2026-04-28,657,2026042805015581,HRL,32,45,29,687.00,"19,923.00"
2026-04-28,658,2026042805015582,HRL,32,45,21,687.00,"14,427.00"
2026-04-28,659,2026042805015686,HRL,22,43,66,687.00,"45,342.00"
2026-04-28,660,2026042805015685,HRL,22,45,79,687.00,"54,273.00"
2026-04-28,661,2026042805015653,HRL,1,90,100,686.00,"68,600.00"
2026-04-28,662,2026042805015617,HRL,1,32,15,686.00,"10,290.00"
2026-04-28,663,2026042805015616,HRL,74,32,10,686.10,"6,861.00"
2026-04-28,664,2026042805015602,HRL,74,58,10,686.10,"6,861.00"
2026-04-28,665,2026042805015732,HRL,48,22,35,687.00,"24,045.00"
2026-04-28,666,2026042805015731,HRL,48,57,50,687.00,"34,350.00"
2026-04-28,667,2026042805015730,HRL,48,57,20,687.00,"13,740.00"
2026-04-28,668,2026042805015729,HRL,48,43,83,687.00,"57,021.00"
2026-04-28,669,2026042805015714,HRL,58,58,10,686.20,"6,862.00"
2026-04-28,670,2026042805015706,HRL,51,43,51,687.00,"35,037.00"
2026-04-28,671,2026042805015796,HRL,56,90,100,688.00,"68,800.00"
2026-04-28,672,2026042805015795,HRL,56,59,60,687.90,"41,274.00"
2026-04-28,673,2026042805015794,HRL,56,7,131,687.90,"90,114.90"
2026-04-28,674,2026042805015793,HRL,56,43,100,687.80,"68,780.00"
2026-04-28,675,2026042805015792,HRL,56,45,988,687.00,"678,756.00"
2026-04-28,676,2026042805015733,HRL,48,45,12,687.00,"8,244.00"
2026-04-28,677,2026042805015855,HRL,44,21,42,686.90,"28,849.80"
2026-04-28,678,2026042805015799,HRL,56,57,60,688.00,"41,280.00"
2026-04-28,679,2026042805015798,HRL,56,22,101,688.00,"69,488.00"
2026-04-28,680,2026042805015797,HRL,56,5,460,688.00,"316,480.00"
2026-04-28,681,2026042805015948,HRL,1,48,5,685.00,"3,425.00"
2026-04-28,682,2026042805015939,HRL,58,43,40,686.20,"27,448.00"
2026-04-28,683,2026042805015938,HRL,49,43,50,686.50,"34,325.00"
2026-04-28,684,2026042805015937,HRL,34,43,16,686.50,"10,984.00"
2026-04-28,685,2026042805015936,HRL,1,59,6,685.00,"4,110.00"
2026-04-28,686,2026042805015875,HRL,62,21,100,686.90,"68,690.00"
2026-04-28,687,2026042805015975,HRL,42,101,275,686.00,"188,650.00"
2026-04-28,688,2026042805015974,HRL,1,101,210,686.00,"144,060.00"
2026-04-28,689,2026042805015973,HRL,19,101,61,686.20,"41,858.20"
2026-04-28,690,2026042805015965,HRL,19,43,14,686.20,"9,606.80"
2026-04-28,691,2026042805015950,HRL,70,43,20,686.20,"13,724.00"
2026-04-28,692,2026042805015981,HRL,5,101,200,685.10,"137,020.00"
2026-04-28,693,2026042805015980,HRL,42,101,10,686.00,"6,860.00"
2026-04-28,694,2026042805015979,HRL,7,101,200,686.00,"137,200.00"
2026-04-28,695,2026042805015978,HRL,49,101,200,686.00,"137,200.00"
2026-04-28,696,2026042805015977,HRL,41,101,20,686.00,"13,720.00"
2026-04-28,697,2026042805015976,HRL,42,101,30,686.00,"20,580.00"
2026-04-28,698,2026042805015862,IHL,18,58,10,426.10,"4,261.00"
2026-04-28,699,2026042805015756,IHL,32,36,416,426.20,"177,299.20"
2026-04-28,700,2026042805015856,ILI,33,3,513,438.00,"224,694.00"
2026-04-28,701,2026042805015753,ILI,33,38,12,438.00,"5,256.00"
2026-04-28,702,2026042805015678,ILI,33,29,250,438.00,"109,500.00"
2026-04-28,703,2026042805015677,ILI,33,21,12,438.00,"5,256.00"
2026-04-28,704,2026042805015676,ILI,33,59,12,437.00,"5,244.00"
2026-04-28,705,2026042805015675,ILI,33,34,12,437.00,"5,244.00"
2026-04-28,706,2026042805015674,ILI,33,42,165,436.30,"71,989.50"
2026-04-28,707,2026042805015673,ILI,33,36,12,435.70,"5,228.40"
2026-04-28,708,2026042805015672,ILI,33,59,12,435.70,"5,228.40"
2026-04-28,709,2026042805015558,ILI,8,58,13,435.50,"5,661.50"
2026-04-28,710,2026042805015866,MAKAR,35,40,10,504.00,"5,040.00"
2026-04-28,711,2026042805015628,MAKAR,35,4,10,501.00,"5,010.00"
2026-04-28,712,2026042805015557,MANDU,43,14,10,823.00,"8,230.00"
2026-04-28,713,2026042805016034,MBJC,43,49,10,285.60,"2,856.00"
2026-04-28,714,2026042805016003,MBJC,58,7,10,285.50,"2,855.00"
2026-04-28,715,2026042805015964,MBJC,58,8,10,285.50,"2,855.00"
2026-04-28,716,2026042805015748,MBJC,58,47,"1,505",285.50,"429,677.50"
2026-04-28,717,2026042805015747,MBJC,39,47,50,285.50,"14,275.00"
2026-04-28,718,2026042805015746,MBJC,16,47,500,285.60,"142,800.00"
2026-04-28,719,2026042805015739,MBJC,38,47,126,286.20,"36,061.20"
2026-04-28,720,2026042805015745,MBJC,16,47,50,286.00,"14,300.00"
2026-04-28,721,2026042805015744,MBJC,1,47,956,286.00,"273,416.00"
2026-04-28,722,2026042805015743,MBJC,51,47,50,286.10,"14,305.00"
2026-04-28,723,2026042805015742,MBJC,34,47,20,286.10,"5,722.00"
2026-04-28,724,2026042805015741,MBJC,58,47,25,286.10,"7,152.50"
2026-04-28,725,2026042805015740,MBJC,29,47,10,286.10,"2,861.00"
2026-04-28,726,2026042805015960,MCHL,49,40,20,337.00,"6,740.00"
2026-04-28,727,2026042805015876,MCHL,1,58,60,336.50,"20,190.00"
2026-04-28,728,2026042805015556,MEHL,57,42,10,407.00,"4,070.00"
2026-04-28,729,2026042805015580,MEL,1,44,10,254.00,"2,540.00"
2026-04-28,730,2026042805015579,MEL,1,41,10,254.00,"2,540.00"
2026-04-28,731,2026042805015578,MEL,1,46,70,254.00,"17,780.00"
2026-04-28,732,2026042805015577,MEL,1,94,10,254.00,"2,540.00"
2026-04-28,733,2026042805015576,MEL,1,34,200,254.00,"50,800.00"
2026-04-28,734,2026042805015597,MEL,33,5,225,253.00,"56,925.00"
2026-04-28,735,2026042805015596,MEL,57,5,20,253.00,"5,060.00"
2026-04-28,736,2026042805015595,MEL,43,5,200,253.10,"50,620.00"
2026-04-28,737,2026042805015594,MEL,22,5,10,253.10,"2,531.00"
2026-04-28,738,2026042805015593,MEL,48,5,70,253.20,"17,724.00"
2026-04-28,739,2026042805015860,MEL,42,49,10,254.00,"2,540.00"
2026-04-28,740,2026042805015800,MEL,42,34,10,253.30,"2,533.00"
2026-04-28,741,2026042805015962,MEL,42,13,272,254.00,"69,088.00"
2026-04-28,742,2026042805016018,MHCL,32,57,10,356.90,"3,569.00"
2026-04-28,743,2026042805015654,MHCL,62,62,10,357.00,"3,570.00"
2026-04-28,744,2026042805015720,MHL,47,19,10,506.10,"5,061.00"
2026-04-28,745,2026042805016045,MKHC,53,48,50,319.70,"15,985.00"
2026-04-28,746,2026042805016041,MKHC,58,44,100,321.70,"32,170.00"
2026-04-28,747,2026042805016040,MKHC,58,33,100,321.00,"32,100.00"
2026-04-28,748,2026042805015878,MKHC,58,44,10,321.70,"3,217.00"
2026-04-28,749,2026042805015877,MKHC,58,34,10,321.60,"3,216.00"
2026-04-28,750,2026042805015835,MKHC,58,58,10,321.60,"3,216.00"
2026-04-28,751,2026042805015815,MKHC,59,45,10,319.50,"3,195.00"
2026-04-28,752,2026042805015622,MKHC,59,52,50,319.50,"15,975.00"
2026-04-28,753,2026042805015967,MKHL,57,45,19,634.00,"12,046.00"
2026-04-28,754,2026042805015734,MKHL,84,52,10,634.00,"6,340.00"
2026-04-28,755,2026042805015842,MKJC,49,69,20,503.80,"10,076.00"
2026-04-28,756,2026042805015788,MKJC,49,42,10,503.70,"5,037.00"
2026-04-28,757,2026042805015586,MKJC,49,42,30,503.70,"15,111.00"
2026-04-28,758,2026042805015834,MMKJL,34,52,10,510.10,"5,101.00"
2026-04-28,759,2026042805015615,MMKJL,34,96,285,510.10,"145,378.50"
2026-04-28,760,2026042805015614,MMKJL,54,96,20,510.20,"10,204.00"
2026-04-28,761,2026042805015613,MMKJL,22,96,195,511.00,"99,645.00"
2026-04-28,762,2026042805015803,NBF3,32,4,"4,050",9.86,"39,933.00"
2026-04-28,763,2026042805015802,NBF3,17,4,750,9.87,"7,402.50"
2026-04-28,764,2026042805015801,NBF3,58,4,200,9.88,"1,976.00"
2026-04-28,765,2026042805015890,NIBSF2,14,58,500,9.50,"4,750.00"
2026-04-28,766,2026042805015889,NIBSF2,14,89,210,9.50,"1,995.00"
2026-04-28,767,2026042805015888,NIBSF2,14,57,200,9.46,"1,892.00"
2026-04-28,768,2026042805015887,NIBSF2,14,58,100,9.44,944.00
2026-04-28,769,2026042805016031,NIFRA,38,45,164,264.20,"43,328.80"
2026-04-28,770,2026042805015766,NIFRA,29,45,36,265.00,"9,540.00"
2026-04-28,771,2026042805015765,NIFRA,29,18,200,265.00,"53,000.00"
2026-04-28,772,2026042805015764,NIFRA,29,42,64,265.00,"16,960.00"
2026-04-28,773,2026042805015688,NIFRA,49,34,30,264.40,"7,932.00"
2026-04-28,774,2026042805015591,NIFRA,49,49,54,264.40,"14,277.60"
2026-04-28,775,2026042805015589,NIFRA,49,19,54,264.40,"14,277.60"
2026-04-28,776,2026042805016051,NRIC,21,11,10,910.00,"9,100.00"
2026-04-28,777,2026042805015781,NRIC,21,50,85,909.00,"77,265.00"
2026-04-28,778,2026042805015780,NRIC,58,50,24,910.00,"21,840.00"
2026-04-28,779,2026042805015758,NRIC,58,34,26,910.00,"23,660.00"
2026-04-28,780,2026042805015724,NRIC,21,58,19,909.00,"17,271.00"
2026-04-28,781,2026042805015575,NRIC,32,69,50,908.70,"45,435.00"
2026-04-28,782,2026042805015859,NRM,45,52,80,401.00,"32,080.00"
2026-04-28,783,2026042805015811,NRM,35,19,30,400.70,"12,021.00"
2026-04-28,784,2026042805015725,NRM,50,52,100,401.00,"40,100.00"
2026-04-28,785,2026042805016053,NRN,95,7,15,"1,463.00","21,945.00"
2026-04-28,786,2026042805015987,NRN,38,62,1,"1,418.00","1,418.00"
2026-04-28,787,2026042805015661,NRN,62,65,10,"1,460.00","14,600.00"
2026-04-28,788,2026042805015660,NRN,38,65,70,"1,460.00","102,200.00"
2026-04-28,789,2026042805015659,NRN,38,65,136,"1,460.00","198,560.00"
2026-04-28,790,2026042805015658,NRN,95,65,500,"1,460.10","730,050.00"
2026-04-28,791,2026042805015657,NRN,32,65,15,"1,461.00","21,915.00"
2026-04-28,792,2026042805015667,NRN,74,65,50,"1,457.30","72,865.00"
2026-04-28,793,2026042805015666,NRN,19,65,68,"1,459.00","99,212.00"
2026-04-28,794,2026042805015665,NRN,57,65,50,"1,459.00","72,950.00"
2026-04-28,795,2026042805015664,NRN,39,65,30,"1,459.00","43,770.00"
2026-04-28,796,2026042805015663,NRN,41,65,75,"1,460.00","109,500.00"
2026-04-28,797,2026042805015662,NRN,22,65,50,"1,460.00","73,000.00"
2026-04-28,798,2026042805015726,NRN,50,8,50,"1,461.00","73,050.00"
2026-04-28,799,2026042805015669,NRN,35,65,126,"1,457.20","183,607.20"
2026-04-28,800,2026042805015668,NRN,26,65,20,"1,457.30","29,146.00"
2026-04-28,801,2026042805015844,NRN,14,7,10,"1,460.00","14,600.00"
2026-04-28,802,2026042805015771,NRN,81,8,40,"1,461.00","58,440.00"
2026-04-28,803,2026042805015926,NRN,45,63,30,"1,460.20","43,806.00"
2026-04-28,804,2026042805015969,NRN,14,49,170,"1,460.00","248,200.00"
2026-04-28,805,2026042805015968,NRN,45,49,170,"1,460.20","248,234.00"
2026-04-28,806,2026042805015883,NSIF2,85,4,"2,900",11.03,"31,987.00"
2026-04-28,807,2026042805015882,NSIF2,85,16,"2,000",11.00,"22,000.00"
2026-04-28,808,2026042805015881,NSIF2,85,49,100,10.99,"1,099.00"
2026-04-28,809,2026042805015821,NSIF2,19,41,"2,185",10.75,"23,488.75"
2026-04-28,810,2026042805015820,NSIF2,14,41,100,10.82,"1,082.00"
2026-04-28,811,2026042805015819,NSIF2,66,41,"5,000",10.90,"54,500.00"
2026-04-28,812,2026042805015818,NSIF2,17,41,"1,000",10.90,"10,900.00"
2026-04-28,813,2026042805015817,NSIF2,39,41,"9,700",10.91,"105,827.00"
2026-04-28,814,2026042805015816,NSIF2,48,41,"2,015",10.92,"22,003.80"
2026-04-28,815,2026042805016052,NTC,13,53,41,873.10,"35,797.10"
2026-04-28,816,2026042805015931,NTC,13,13,28,873.10,"24,446.80"
2026-04-28,817,2026042805015885,NTC,48,13,23,874.00,"20,102.00"
2026-04-28,818,2026042805015752,NTC,57,13,10,874.00,"8,740.00"
2026-04-28,819,2026042805015751,NTC,28,13,20,874.00,"17,480.00"
2026-04-28,820,2026042805015750,NTC,21,13,10,874.00,"8,740.00"
2026-04-28,821,2026042805015749,NTC,4,13,37,874.00,"32,338.00"
2026-04-28,822,2026042805015630,NTC,4,13,90,874.00,"78,660.00"
2026-04-28,823,2026042805015848,NYADI,57,1,30,395.00,"11,850.00"
2026-04-28,824,2026042805015847,NYADI,42,1,120,395.00,"47,400.00"
2026-04-28,825,2026042805015959,PHCL,38,58,35,303.70,"10,629.50"
2026-04-28,826,2026042805015958,PHCL,43,58,265,303.70,"80,480.50"
2026-04-28,827,2026042805015879,PHCL,43,11,10,303.70,"3,037.00"
2026-04-28,828,2026042805015810,PHCL,35,57,"1,008",304.90,"307,339.20"
2026-04-28,829,2026042805015809,PHCL,35,26,500,304.50,"152,250.00"
2026-04-28,830,2026042805015808,PHCL,35,59,10,304.00,"3,040.00"
2026-04-28,831,2026042805015783,PHCL,81,22,440,303.70,"133,628.00"
2026-04-28,832,2026042805015689,PHCL,36,46,58,304.00,"17,632.00"
2026-04-28,833,2026042805015574,PHCL,57,46,50,304.00,"15,200.00"
2026-04-28,834,2026042805015807,PHCL,35,39,200,304.00,"60,800.00"
2026-04-28,835,2026042805015806,PHCL,35,46,282,304.00,"85,728.00"
2026-04-28,836,2026042805015789,PHCL,66,46,400,304.00,"121,600.00"
2026-04-28,837,2026042805015786,PHCL,81,22,360,303.60,"109,296.00"
2026-04-28,838,2026042805015785,PHCL,84,22,100,303.60,"30,360.00"
2026-04-28,839,2026042805015784,PHCL,45,22,100,303.70,"30,370.00"
2026-04-28,840,2026042805015999,PPL,11,34,55,353.00,"19,415.00"
2026-04-28,841,2026042805015997,PPL,11,69,200,353.00,"70,600.00"
2026-04-28,842,2026042805015606,PPL,35,34,15,352.20,"5,283.00"
2026-04-28,843,2026042805015755,RAWA,49,62,17,615.00,"10,455.00"
2026-04-28,844,2026042805016033,RFPL,33,49,175,372.60,"65,205.00"
2026-04-28,845,2026042805016032,RFPL,58,49,125,372.70,"46,587.50"
2026-04-28,846,2026042805016026,RFPL,33,18,"1,000",373.00,"373,000.00"
2026-04-28,847,2026042805016025,RFPL,33,57,399,373.00,"148,827.00"
2026-04-28,848,2026042805016024,RFPL,33,35,"1,497",373.00,"558,381.00"
2026-04-28,849,2026042805015843,RFPL,58,34,20,372.70,"7,454.00"
2026-04-28,850,2026042805015723,RFPL,58,64,100,372.70,"37,270.00"
2026-04-28,851,2026042805015941,RHGCL,36,34,194,296.20,"57,462.80"
2026-04-28,852,2026042805015940,RHGCL,64,34,306,298.00,"91,188.00"
2026-04-28,853,2026042805015707,RHGCL,64,46,100,298.00,"29,800.00"
2026-04-28,854,2026042805015584,RNLI,38,11,1,460.00,460.00
2026-04-28,855,2026042805015682,RNLI,53,22,12,461.90,"5,542.80"
2026-04-28,856,2026042805015650,RNLI,53,32,642,461.90,"296,539.80"
2026-04-28,857,2026042805015957,SAHAS,48,34,28,617.70,"17,295.60"
2026-04-28,858,2026042805015956,SAHAS,32,34,72,618.00,"44,496.00"
2026-04-28,859,2026042805015886,SAHAS,32,34,13,618.00,"8,034.00"
2026-04-28,860,2026042805015728,SAHAS,92,58,14,617.60,"8,646.40"
2026-04-28,861,2026042805015564,SAHAS,92,65,10,617.60,"6,176.00"
2026-04-28,862,2026042805015563,SAHAS,4,65,100,617.60,"61,760.00"
2026-04-28,863,2026042805015562,SAHAS,47,65,500,617.70,"308,850.00"
2026-04-28,864,2026042805015561,SAHAS,62,65,390,618.00,"241,020.00"
2026-04-28,865,2026042805015804,SANVI,74,14,10,693.00,"6,930.00"
2026-04-28,866,2026042805015787,SANVI,36,26,"1,900",702.00,"1,333,800.00"
2026-04-28,867,2026042805015705,SANVI,16,36,864,692.00,"597,888.00"
2026-04-28,868,2026042805015704,SANVI,57,36,100,692.00,"69,200.00"
2026-04-28,869,2026042805015703,SANVI,58,36,50,692.00,"34,600.00"
2026-04-28,870,2026042805015702,SANVI,22,36,50,692.00,"34,600.00"
2026-04-28,871,2026042805015695,SANVI,22,36,20,695.00,"13,900.00"
2026-04-28,872,2026042805015694,SANVI,7,36,500,695.00,"347,500.00"
2026-04-28,873,2026042805015693,SANVI,63,36,15,695.00,"10,425.00"
2026-04-28,874,2026042805015651,SANVI,42,58,100,696.00,"69,600.00"
2026-04-28,875,2026042805015554,SANVI,74,49,60,700.00,"42,000.00"
2026-04-28,876,2026042805015701,SANVI,54,36,100,692.00,"69,200.00"
2026-04-28,877,2026042805015700,SANVI,66,36,60,694.00,"41,640.00"
2026-04-28,878,2026042805015699,SANVI,29,36,71,695.00,"49,345.00"
2026-04-28,879,2026042805015698,SANVI,88,36,50,695.00,"34,750.00"
2026-04-28,880,2026042805015697,SANVI,33,36,100,695.00,"69,500.00"
2026-04-28,881,2026042805015696,SANVI,38,36,20,695.00,"13,900.00"
2026-04-28,882,2026042805015921,SGHC,64,49,20,370.30,"7,406.00"
2026-04-28,883,2026042805015920,SGHC,48,49,50,371.10,"18,555.00"
2026-04-28,884,2026042805015640,SGHC,77,48,76,370.00,"28,120.00"
2026-04-28,885,2026042805015639,SGHC,45,48,150,370.00,"55,500.00"
2026-04-28,886,2026042805015638,SGHC,21,48,20,370.00,"7,400.00"
2026-04-28,887,2026042805015637,SGHC,22,48,100,370.00,"37,000.00"
2026-04-28,888,2026042805015625,SGHC,58,81,100,371.00,"37,100.00"
2026-04-28,889,2026042805015624,SGHC,45,81,200,371.00,"74,200.00"
2026-04-28,890,2026042805015623,SGHC,44,81,790,373.00,"294,670.00"
2026-04-28,891,2026042805015605,SGHC,44,48,"1,000",373.00,"373,000.00"
2026-04-28,892,2026042805015573,SGHC,44,49,10,373.00,"3,730.00"
2026-04-28,893,2026042805015636,SGHC,32,48,10,370.00,"3,700.00"
2026-04-28,894,2026042805015635,SGHC,25,48,100,370.00,"37,000.00"
2026-04-28,895,2026042805015634,SGHC,50,48,100,370.80,"37,080.00"
2026-04-28,896,2026042805015633,SGHC,17,48,90,371.00,"33,390.00"
2026-04-28,897,2026042805015627,SGHC,17,81,60,371.00,"22,260.00"
2026-04-28,898,2026042805015626,SGHC,62,81,40,371.00,"14,840.00"
2026-04-28,899,2026042805016044,SHIVM,57,45,131,666.00,"87,246.00"
2026-04-28,900,2026042805016043,SHIVM,57,22,254,666.00,"169,164.00"
2026-04-28,901,2026042805016042,SHIVM,57,56,215,666.00,"143,190.00"
2026-04-28,902,2026042805016027,SHIVM,28,56,25,666.00,"16,650.00"
2026-04-28,903,2026042805016023,SHIVM,66,87,36,665.20,"23,947.20"
2026-04-28,904,2026042805016022,SHIVM,66,87,200,665.20,"133,040.00"
2026-04-28,905,2026042805015590,SHIVM,45,57,10,665.50,"6,655.00"
2026-04-28,906,2026042805015691,SHIVM,17,48,480,665.10,"319,248.00"
2026-04-28,907,2026042805015690,SHIVM,36,48,320,666.00,"213,120.00"
2026-04-28,908,2026042805015621,SHIVM,17,21,355,665.10,"236,110.50"
2026-04-28,909,2026042805015620,SHIVM,48,21,100,665.20,"66,520.00"
2026-04-28,910,2026042805015619,SHIVM,40,21,20,665.20,"13,304.00"
2026-04-28,911,2026042805015618,SHIVM,57,21,25,666.00,"16,650.00"
2026-04-28,912,2026042805015851,SHIVM,36,57,50,666.00,"33,300.00"
2026-04-28,913,2026042805015850,SHIVM,36,19,50,666.00,"33,300.00"
2026-04-28,914,2026042805015849,SHIVM,36,21,40,666.00,"26,640.00"
2026-04-28,915,2026042805015830,SHIVM,58,21,30,666.00,"19,980.00"
2026-04-28,916,2026042805015825,SHIVM,36,28,160,665.90,"106,544.00"
2026-04-28,917,2026042805015805,SHIVM,36,46,10,665.90,"6,659.00"
2026-04-28,918,2026042805015928,SHIVM,45,48,150,665.20,"99,780.00"
2026-04-28,919,2026042805015927,SHIVM,36,48,10,665.90,"6,659.00"
2026-04-28,920,2026042805015922,SHIVM,36,58,20,665.90,"13,318.00"
2026-04-28,921,2026042805015884,SHIVM,51,56,30,666.00,"19,980.00"
2026-04-28,922,2026042805015873,SHIVM,51,38,490,666.00,"326,340.00"
2026-04-28,923,2026042805015872,SHIVM,36,38,10,666.00,"6,660.00"
2026-04-28,924,2026042805016021,SHIVM,66,87,20,665.20,"13,304.00"
2026-04-28,925,2026042805016020,SHIVM,29,87,104,665.30,"69,191.20"
2026-04-28,926,2026042805016019,SHIVM,58,87,40,665.90,"26,636.00"
2026-04-28,927,2026042805015995,SHIVM,42,56,30,666.00,"19,980.00"
2026-04-28,928,2026042805015930,SHIVM,66,48,90,665.20,"59,868.00"
2026-04-28,929,2026042805015929,SHIVM,60,48,50,665.20,"33,260.00"
2026-04-28,930,2026042805015869,SIKLES,59,35,60,592.00,"35,520.00"
2026-04-28,931,2026042805015840,SIKLES,44,36,100,591.30,"59,130.00"
2026-04-28,932,2026042805015791,SIKLES,44,22,11,591.30,"6,504.30"
2026-04-28,933,2026042805015631,SIKLES,92,35,20,592.00,"11,840.00"
2026-04-28,934,2026042805015853,SMATA,35,48,10,770.00,"7,700.00"
2026-04-28,935,2026042805015782,SMATA,35,35,10,770.00,"7,700.00"
2026-04-28,936,2026042805015560,SMATA,35,49,11,770.00,"8,470.00"
2026-04-28,937,2026042805016029,SMH,22,57,10,570.00,"5,700.00"
2026-04-28,938,2026042805015971,SMH,41,42,10,571.00,"5,710.00"
2026-04-28,939,2026042805015868,SMH,65,70,10,569.10,"5,691.00"
2026-04-28,940,2026042805015858,SMH,41,42,10,571.00,"5,710.00"
2026-04-28,941,2026042805015824,SMH,65,70,226,569.10,"128,616.60"
2026-04-28,942,2026042805015823,SMH,42,70,100,569.10,"56,910.00"
2026-04-28,943,2026042805015822,SMH,1,70,14,570.00,"7,980.00"
2026-04-28,944,2026042805015671,SMH,1,57,76,570.00,"43,320.00"
2026-04-28,945,2026042805015670,SMH,58,57,24,570.00,"13,680.00"
2026-04-28,946,2026042805015607,SMH,41,42,10,571.00,"5,710.00"
2026-04-28,947,2026042805016030,SMHL,49,6,290,501.00,"145,290.00"
2026-04-28,948,2026042805016001,SMHL,46,6,290,501.00,"145,290.00"
2026-04-28,949,2026042805016000,SMHL,46,45,333,501.00,"166,833.00"
2026-04-28,950,2026042805015945,SMHL,46,1,37,501.00,"18,537.00"
2026-04-28,951,2026042805015944,SMHL,46,41,50,501.00,"25,050.00"
2026-04-28,952,2026042805015943,SMHL,46,41,30,501.00,"15,030.00"
2026-04-28,953,2026042805015942,SMHL,46,49,49,501.00,"24,549.00"
2026-04-28,954,2026042805015839,SMHL,45,49,30,501.00,"15,030.00"
2026-04-28,955,2026042805015609,SMHL,4,35,33,500.00,"16,500.00"
2026-04-28,956,2026042805015833,SMJC,49,38,10,466.00,"4,660.00"
2026-04-28,957,2026042805015864,SONA,42,90,200,435.60,"87,120.00"
2026-04-28,958,2026042805015854,SONA,42,58,10,435.60,"4,356.00"
2026-04-28,959,2026042805015846,SONA,42,58,10,435.60,"4,356.00"
2026-04-28,960,2026042805015772,SONA,42,21,100,435.60,"43,560.00"
2026-04-28,961,2026042805015603,SONA,42,58,10,435.60,"4,356.00"
2026-04-28,962,2026042805015572,SONA,57,35,70,436.00,"30,520.00"
2026-04-28,963,2026042805015991,SPC,38,47,416,467.60,"194,521.60"
2026-04-28,964,2026042805015990,SPC,53,47,104,468.00,"48,672.00"
2026-04-28,965,2026042805015989,SPC,42,47,133,468.00,"62,244.00"
2026-04-28,966,2026042805015947,SPC,42,36,20,468.00,"9,360.00"
2026-04-28,967,2026042805015757,STC,77,58,14,"5,937.00","83,118.00"
2026-04-28,968,2026042805015952,TAMOR,33,3,500,443.60,"221,800.00"
2026-04-28,969,2026042805015763,TAMOR,19,41,20,443.00,"8,860.00"
2026-04-28,970,2026042805015610,TAMOR,19,57,100,443.00,"44,300.00"
2026-04-28,971,2026042805015608,TAMOR,19,49,30,443.00,"13,290.00"
2026-04-28,972,2026042805015841,TPC,38,41,409,372.00,"152,148.00"
2026-04-28,973,2026042805015837,TPC,28,41,30,372.00,"11,160.00"
2026-04-28,974,2026042805015836,TPC,33,41,61,372.00,"22,692.00"
2026-04-28,975,2026042805015770,TPC,33,57,39,372.00,"14,508.00"
2026-04-28,976,2026042805015769,TPC,77,57,50,372.00,"18,600.00"
2026-04-28,977,2026042805015768,TPC,17,57,911,372.00,"338,892.00"
2026-04-28,978,2026042805015587,TPC,47,74,300,373.50,"112,050.00"
2026-04-28,979,2026042805016015,TVCL,14,49,216,560.00,"120,960.00"
2026-04-28,980,2026042805016014,TVCL,14,39,20,560.00,"11,200.00"
2026-04-28,981,2026042805016013,TVCL,14,36,20,560.00,"11,200.00"
2026-04-28,982,2026042805016012,TVCL,14,19,20,557.00,"11,140.00"
2026-04-28,983,2026042805016011,TVCL,14,51,20,555.00,"11,100.00"
2026-04-28,984,2026042805016010,TVCL,14,42,54,555.00,"29,970.00"
2026-04-28,985,2026042805016009,TVCL,14,49,400,554.00,"221,600.00"
2026-04-28,986,2026042805016008,TVCL,14,49,200,553.00,"110,600.00"
2026-04-28,987,2026042805016007,TVCL,14,57,20,550.00,"11,000.00"
2026-04-28,988,2026042805016006,TVCL,14,49,30,550.00,"16,500.00"
2026-04-28,989,2026042805016005,TVCL,14,49,500,549.00,"274,500.00"
2026-04-28,990,2026042805015871,UHEWA,42,38,11,568.10,"6,249.10"
2026-04-28,991,2026042805015852,UHEWA,42,49,1,568.10,568.10
2026-04-28,992,2026042805015762,UHEWA,42,33,1,564.00,564.00
2026-04-28,993,2026042805015680,UHEWA,42,81,1,560.00,560.00
2026-04-28,994,2026042805015598,UHEWA,42,7,11,568.10,"6,249.10"
2026-04-28,995,2026042805016048,ULHC,58,39,520,514.00,"267,280.00"
2026-04-28,996,2026042805016047,ULHC,42,39,590,514.10,"303,319.00"
2026-04-28,997,2026042805016046,ULHC,17,39,90,514.20,"46,278.00"
2026-04-28,998,2026042805015994,ULHC,17,38,10,514.20,"5,142.00"
2026-04-28,999,2026042805015951,ULHC,3,58,100,515.00,"51,500.00"
2026-04-28,1000,2026042805015880,USHEC,42,52,10,485.40,"4,854.00"
2026-04-28,1001,2026042805015345,BBC,34,54,10,"4,780.10","47,801.00"
2026-04-28,1002,2026042805015075,BBC,1,95,1,"4,751.00","4,751.00"
2026-04-28,1003,2026042805015349,BBC,43,54,10,"4,780.00","47,800.00"
2026-04-28,1004,2026042805015348,BBC,57,54,40,"4,780.00","191,200.00"
2026-04-28,1005,2026042805015347,BBC,47,54,10,"4,780.00","47,800.00"
2026-04-28,1006,2026042805015346,BBC,17,54,30,"4,780.00","143,400.00"
2026-04-28,1007,2026042805015527,BEDC,45,45,23,377.00,"8,671.00"
2026-04-28,1008,2026042805015426,BEDC,41,45,80,377.00,"30,160.00"
2026-04-28,1009,2026042805015425,BEDC,41,62,20,376.00,"7,520.00"
2026-04-28,1010,2026042805015403,BEDC,33,62,100,376.00,"37,600.00"
2026-04-28,1011,2026042805015083,BEDC,57,70,200,378.00,"75,600.00"
2026-04-28,1012,2026042805015082,BEDC,8,70,30,378.00,"11,340.00"
2026-04-28,1013,2026042805015081,BEDC,54,70,500,378.00,"189,000.00"
2026-04-28,1014,2026042805015080,BEDC,22,70,100,378.00,"37,800.00"
2026-04-28,1015,2026042805015104,BEDC,36,52,22,378.00,"8,316.00"
2026-04-28,1016,2026042805015103,BEDC,58,52,100,378.00,"37,800.00"
2026-04-28,1017,2026042805015102,BEDC,57,52,204,378.00,"77,112.00"
2026-04-28,1018,2026042805015101,BEDC,58,52,100,378.00,"37,800.00"
2026-04-28,1019,2026042805015100,BEDC,58,52,130,378.00,"49,140.00"
2026-04-28,1020,2026042805015084,BEDC,58,70,370,378.00,"139,860.00"
2026-04-28,1021,2026042805015132,BEDC,45,70,50,377.00,"18,850.00"
2026-04-28,1022,2026042805015131,BEDC,17,70,100,377.00,"37,700.00"
2026-04-28,1023,2026042805015130,BEDC,26,70,200,377.00,"75,400.00"
2026-04-28,1024,2026042805015129,BEDC,59,70,200,377.00,"75,400.00"
2026-04-28,1025,2026042805015128,BEDC,26,70,100,377.00,"37,700.00"
2026-04-28,1026,2026042805015127,BEDC,49,70,100,377.10,"37,710.00"
2026-04-28,1027,2026042805015150,BEDC,46,70,150,377.00,"56,550.00"
2026-04-28,1028,2026042805015149,BEDC,54,70,500,377.00,"188,500.00"
2026-04-28,1029,2026042805015148,BEDC,50,70,100,377.00,"37,700.00"
2026-04-28,1030,2026042805015147,BEDC,6,70,250,377.00,"94,250.00"
2026-04-28,1031,2026042805015133,BEDC,6,70,250,377.00,"94,250.00"
2026-04-28,1032,2026042805015246,BEDC,14,41,123,377.00,"46,371.00"
2026-04-28,1033,2026042805015245,BEDC,46,41,57,377.00,"21,489.00"
2026-04-28,1034,2026042805015273,BEDC,49,45,20,377.00,"7,540.00"
2026-04-28,1035,2026042805015272,BEDC,49,45,200,377.00,"75,400.00"
2026-04-28,1036,2026042805015271,BEDC,49,45,100,377.00,"37,700.00"
2026-04-28,1037,2026042805015270,BEDC,14,45,77,377.00,"29,029.00"
2026-04-28,1038,2026042805015319,BEDC,49,70,100,376.10,"37,610.00"
2026-04-28,1039,2026042805015318,BEDC,74,70,200,376.20,"75,240.00"
2026-04-28,1040,2026042805015317,BEDC,63,70,200,376.30,"75,260.00"
2026-04-28,1041,2026042805015316,BEDC,50,70,200,376.40,"75,280.00"
2026-04-28,1042,2026042805015315,BEDC,58,70,100,376.40,"37,640.00"
2026-04-28,1043,2026042805015390,BEDC,58,62,20,376.00,"7,520.00"
2026-04-28,1044,2026042805015356,BEDC,54,34,5,384.00,"1,920.00"
2026-04-28,1045,2026042805015322,BEDC,41,70,10,376.00,"3,760.00"
2026-04-28,1046,2026042805015321,BEDC,50,70,290,376.00,"109,040.00"
2026-04-28,1047,2026042805015320,BEDC,57,70,100,376.10,"37,610.00"
2026-04-28,1048,2026042805015488,BGWT,51,57,18,715.00,"12,870.00"
2026-04-28,1049,2026042805015487,BGWT,7,57,50,715.10,"35,755.00"
2026-04-28,1050,2026042805015486,BGWT,45,57,50,720.00,"36,000.00"
2026-04-28,1051,2026042805015485,BGWT,58,57,124,720.00,"89,280.00"
2026-04-28,1052,2026042805015484,BGWT,40,57,10,720.10,"7,201.00"
2026-04-28,1053,2026042805015407,BGWT,47,45,10,730.00,"7,300.00"
2026-04-28,1054,2026042805015368,BGWT,47,58,58,729.90,"42,334.20"
2026-04-28,1055,2026042805015255,BGWT,47,77,570,728.00,"414,960.00"
2026-04-28,1056,2026042805015483,BGWT,96,57,12,722.70,"8,672.40"
2026-04-28,1057,2026042805015482,BGWT,56,57,15,722.70,"10,840.50"
2026-04-28,1058,2026042805015481,BGWT,25,57,155,723.00,"112,065.00"
2026-04-28,1059,2026042805015480,BGWT,47,57,66,723.00,"47,718.00"
2026-04-28,1060,2026042805015190,BHDC,28,45,165,463.00,"76,395.00"
2026-04-28,1061,2026042805015414,BHL,42,58,53,217.50,"11,527.50"
2026-04-28,1062,2026042805015413,BHL,35,58,300,217.50,"65,250.00"
2026-04-28,1063,2026042805015412,BHL,48,58,500,217.50,"108,750.00"
2026-04-28,1064,2026042805015411,BHL,29,58,250,217.60,"54,400.00"
2026-04-28,1065,2026042805015410,BHL,43,58,397,217.60,"86,387.20"
2026-04-28,1066,2026042805015409,BHL,45,58,100,218.00,"21,800.00"
2026-04-28,1067,2026042805015262,BHL,48,91,56,218.00,"12,208.00"
2026-04-28,1068,2026042805015261,BHL,58,91,194,218.00,"42,292.00"
2026-04-28,1069,2026042805015140,BHL,58,46,16,218.00,"3,488.00"
2026-04-28,1070,2026042805015108,BHL,57,46,290,218.00,"63,220.00"
2026-04-28,1071,2026042805015331,BHL,89,42,177,218.00,"38,586.00"
2026-04-28,1072,2026042805015303,BHL,49,42,60,218.00,"13,080.00"
2026-04-28,1073,2026042805015302,BHL,38,42,45,218.00,"9,810.00"
2026-04-28,1074,2026042805015301,BHL,48,42,218,218.00,"47,524.00"
2026-04-28,1075,2026042805015281,BHL,48,19,10,218.00,"2,180.00"
2026-04-28,1076,2026042805015264,BHL,48,32,22,218.00,"4,796.00"
2026-04-28,1077,2026042805015367,BHL,43,80,440,217.60,"95,744.00"
2026-04-28,1078,2026042805015366,BHL,45,80,50,217.70,"10,885.00"
2026-04-28,1079,2026042805015365,BHL,50,80,100,217.80,"21,780.00"
2026-04-28,1080,2026042805015364,BHL,17,80,500,217.80,"108,900.00"
2026-04-28,1081,2026042805015363,BHL,58,80,55,218.00,"11,990.00"
2026-04-28,1082,2026042805015362,BHL,89,80,83,218.00,"18,094.00"
2026-04-28,1083,2026042805015465,BHPL,41,57,39,526.70,"20,541.30"
2026-04-28,1084,2026042805015534,BNHC,46,59,280,332.90,"93,212.00"
2026-04-28,1085,2026042805015520,BNHC,46,10,20,332.90,"6,658.00"
2026-04-28,1086,2026042805015106,BNHC,46,17,100,332.90,"33,290.00"
2026-04-28,1087,2026042805015497,CHDC,20,11,25,"2,295.00","57,375.00"
2026-04-28,1088,2026042805015496,CHDC,20,26,75,"2,294.00","172,050.00"
2026-04-28,1089,2026042805015463,CHDC,20,26,25,"2,294.00","57,350.00"
2026-04-28,1090,2026042805015446,CHDC,77,35,216,"2,291.00","494,856.00"
2026-04-28,1091,2026042805015445,CHDC,74,35,10,"2,291.00","22,910.00"
2026-04-28,1092,2026042805015444,CHDC,39,35,274,"2,291.00","627,734.00"
2026-04-28,1093,2026042805015327,CHDC,39,66,10,"2,291.00","22,910.00"
2026-04-28,1094,2026042805015299,CHDC,63,66,93,"2,292.00","213,156.00"
2026-04-28,1095,2026042805015109,CHDC,52,58,12,"2,295.00","27,540.00"
2026-04-28,1096,2026042805015523,CIT,49,22,1,"1,715.00","1,715.00"
2026-04-28,1097,2026042805015389,CIT,58,45,28,"1,768.00","49,504.00"
2026-04-28,1098,2026042805015388,CIT,34,45,32,"1,768.00","56,576.00"
2026-04-28,1099,2026042805015334,CIT,29,13,20,"1,768.00","35,360.00"
2026-04-28,1100,2026042805015077,CKHL,58,57,60,697.00,"41,820.00"
2026-04-28,1101,2026042805015455,CLI,56,42,13,456.30,"5,931.90"
2026-04-28,1102,2026042805015454,CLI,83,42,187,456.60,"85,384.20"
2026-04-28,1103,2026042805015399,CLI,51,57,13,457.00,"5,941.00"
2026-04-28,1104,2026042805015398,CLI,83,91,13,456.60,"5,935.80"
2026-04-28,1105,2026042805015069,CLI,40,48,440,458.00,"201,520.00"
2026-04-28,1106,2026042805015068,CLI,40,52,50,458.00,"22,900.00"
2026-04-28,1107,2026042805015067,CLI,40,58,10,458.00,"4,580.00"
2026-04-28,1108,2026042805015341,DOLTI,36,53,50,379.50,"18,975.00"
2026-04-28,1109,2026042805015112,DOLTI,60,53,147,379.50,"55,786.50"
2026-04-28,1110,2026042805015085,DOLTI,60,52,100,379.50,"37,950.00"
2026-04-28,1111,2026042805015276,DORDI,58,58,10,277.00,"2,770.00"
2026-04-28,1112,2026042805015521,EHPL,29,39,10,396.00,"3,960.00"
2026-04-28,1113,2026042805015418,EHPL,62,40,20,394.30,"7,886.00"
2026-04-28,1114,2026042805015340,EHPL,62,69,30,394.30,"11,829.00"
2026-04-28,1115,2026042805015307,EHPL,57,69,100,394.40,"39,440.00"
2026-04-28,1116,2026042805015235,EHPL,38,69,20,395.00,"7,900.00"
2026-04-28,1117,2026042805015185,EHPL,52,69,125,395.00,"49,375.00"
2026-04-28,1118,2026042805015184,EHPL,17,69,50,395.00,"19,750.00"
2026-04-28,1119,2026042805015533,GCIL,59,84,200,418.00,"83,600.00"
2026-04-28,1120,2026042805015055,GCIL,36,42,1,414.00,414.00
2026-04-28,1121,2026042805015110,GCIL,4,84,50,416.00,"20,800.00"
2026-04-28,1122,2026042805015107,GCIL,38,84,200,416.00,"83,200.00"
2026-04-28,1123,2026042805015141,GCIL,59,84,102,416.00,"42,432.00"
2026-04-28,1124,2026042805015470,GCIL,57,49,10,416.10,"4,161.00"
2026-04-28,1125,2026042805015469,GCIL,16,49,50,416.20,"20,810.00"
2026-04-28,1126,2026042805015468,GCIL,57,49,10,416.20,"4,162.00"
2026-04-28,1127,2026042805015467,GCIL,58,49,50,417.00,"20,850.00"
2026-04-28,1128,2026042805015462,GCIL,58,1,150,417.00,"62,550.00"
2026-04-28,1129,2026042805015495,GCIL,57,84,500,418.00,"209,000.00"
2026-04-28,1130,2026042805015474,GCIL,59,49,312,416.00,"129,792.00"
2026-04-28,1131,2026042805015473,GCIL,48,49,40,416.10,"16,644.00"
2026-04-28,1132,2026042805015472,GCIL,42,49,18,416.10,"7,489.80"
2026-04-28,1133,2026042805015471,GCIL,25,49,10,416.10,"4,161.00"
2026-04-28,1134,2026042805015236,GIBF1,19,52,100,10.85,"1,085.00"
2026-04-28,1135,2026042805015380,GVL,33,38,412,490.00,"201,880.00"
2026-04-28,1136,2026042805015379,GVL,33,65,488,489.90,"239,071.20"
2026-04-28,1137,2026042805015156,GVL,13,1,11,488.30,"5,371.30"
2026-04-28,1138,2026042805015157,HATHY,58,42,102,835.00,"85,170.00"
2026-04-28,1139,2026042805015071,HATHY,58,91,10,835.00,"8,350.00"
2026-04-28,1140,2026042805015543,HDL,7,90,12,"1,149.00","13,788.00"
2026-04-28,1141,2026042805015542,HDL,47,90,60,"1,149.00","68,940.00"
2026-04-28,1142,2026042805015526,HDL,47,25,50,"1,149.00","57,450.00"
2026-04-28,1143,2026042805015172,HDL,84,72,18,"1,148.50","20,673.00"
2026-04-28,1144,2026042805015386,HDL,38,54,50,"1,149.00","57,450.00"
2026-04-28,1145,2026042805015385,HDL,38,45,24,"1,149.00","27,576.00"
2026-04-28,1146,2026042805015330,HDL,21,45,51,"1,149.00","58,599.00"
2026-04-28,1147,2026042805015449,HDL,21,17,80,"1,148.50","91,880.00"
2026-04-28,1148,2026042805015448,HDL,11,17,20,"1,148.50","22,970.00"
2026-04-28,1149,2026042805015447,HDL,58,17,50,"1,148.50","57,425.00"
2026-04-28,1150,2026042805015440,HDL,47,90,70,"1,149.00","80,430.00"
2026-04-28,1151,2026042805015387,HDL,38,90,26,"1,149.00","29,874.00"
2026-04-28,1152,2026042805015450,HDL,58,58,18,"1,149.90","20,698.20"
2026-04-28,1153,2026042805015519,HDL,47,56,7,"1,148.30","8,038.10"
2026-04-28,1154,2026042805015535,HHL,21,34,55,389.70,"21,433.50"
2026-04-28,1155,2026042805015268,HHL,34,19,250,387.00,"96,750.00"
2026-04-28,1156,2026042805015111,HHL,45,91,100,386.50,"38,650.00"
2026-04-28,1157,2026042805015475,HHL,58,34,10,389.60,"3,896.00"
2026-04-28,1158,2026042805015415,HHL,45,19,250,387.00,"96,750.00"
2026-04-28,1159,2026042805015536,HIDCL,14,48,500,267.70,"133,850.00"
2026-04-28,1160,2026042805015507,HIDCL,14,13,109,267.70,"29,179.30"
2026-04-28,1161,2026042805015506,HIDCL,38,13,200,267.80,"53,560.00"
2026-04-28,1162,2026042805015505,HIDCL,40,13,191,268.10,"51,207.10"
2026-04-28,1163,2026042805015489,HIDCL,40,29,203,268.10,"54,424.30"
2026-04-28,1164,2026042805015391,HIDCL,40,22,106,268.00,"28,408.00"
2026-04-28,1165,2026042805015155,HIDCL,21,14,100,268.20,"26,820.00"
2026-04-28,1166,2026042805015135,HIDCL,17,45,150,269.00,"40,350.00"
2026-04-28,1167,2026042805015134,HIDCL,17,58,100,269.00,"26,900.00"
2026-04-28,1168,2026042805015126,HIDCL,21,1,100,268.20,"26,820.00"
2026-04-28,1169,2026042805015384,HIDCL,49,22,100,268.00,"26,800.00"
2026-04-28,1170,2026042805015383,HIDCL,42,22,100,268.00,"26,800.00"
2026-04-28,1171,2026042805015382,HIDCL,28,22,194,268.00,"51,992.00"
2026-04-28,1172,2026042805015376,HIDCL,28,45,"1,806",268.00,"484,008.00"
2026-04-28,1173,2026042805015375,HIDCL,14,45,194,268.00,"51,992.00"
2026-04-28,1174,2026042805015247,HIDCL,14,14,42,268.00,"11,256.00"
2026-04-28,1175,2026042805015552,HRL,48,4,17,687.00,"11,679.00"
2026-04-28,1176,2026042805015551,HRL,48,51,42,687.00,"28,854.00"
2026-04-28,1177,2026042805015550,HRL,48,56,91,687.00,"62,517.00"
2026-04-28,1178,2026042805015522,HRL,35,56,41,687.00,"28,167.00"
2026-04-28,1179,2026042805015493,HRL,58,56,13,687.00,"8,931.00"
2026-04-28,1180,2026042805015490,HRL,1,28,11,686.00,"7,546.00"
2026-04-28,1181,2026042805015159,HRL,58,48,10,686.00,"6,860.00"
2026-04-28,1182,2026042805015234,HRL,1,34,1,682.00,682.00
2026-04-28,1183,2026042805015208,HRL,58,42,10,686.00,"6,860.00"
2026-04-28,1184,2026042805015204,HRL,1,52,1,681.90,681.90
2026-04-28,1185,2026042805015168,HRL,58,32,25,686.00,"17,150.00"
2026-04-28,1186,2026042805015166,HRL,58,63,60,686.00,"41,160.00"
2026-04-28,1187,2026042805015165,HRL,1,45,9,682.00,"6,138.00"
2026-04-28,1188,2026042805015325,HRL,1,58,9,682.00,"6,138.00"
2026-04-28,1189,2026042805015293,HRL,1,6,1,682.00,682.00
2026-04-28,1190,2026042805015279,HRL,1,26,104,686.00,"71,344.00"
2026-04-28,1191,2026042805015278,HRL,58,26,196,686.00,"134,456.00"
2026-04-28,1192,2026042805015277,HRL,58,45,500,686.00,"343,000.00"
2026-04-28,1193,2026042805015263,HRL,58,49,99,686.00,"67,914.00"
2026-04-28,1194,2026042805015421,HRL,48,59,10,687.00,"6,870.00"
2026-04-28,1195,2026042805015420,HRL,48,57,170,687.00,"116,790.00"
2026-04-28,1196,2026042805015419,HRL,1,44,1,683.00,683.00
2026-04-28,1197,2026042805015417,HRL,62,57,100,687.00,"68,700.00"
2026-04-28,1198,2026042805015400,HRL,1,49,1,682.10,682.10
2026-04-28,1199,2026042805015392,HRL,1,45,10,686.00,"6,860.00"
2026-04-28,1200,2026042805015457,HRL,42,56,20,687.00,"13,740.00"
2026-04-28,1201,2026042805015451,HRL,14,56,65,687.00,"44,655.00"
2026-04-28,1202,2026042805015443,HRL,1,58,1,683.00,683.00
2026-04-28,1203,2026042805015424,HRL,48,56,20,687.00,"13,740.00"
2026-04-28,1204,2026042805015423,HRL,48,25,100,687.00,"68,700.00"
2026-04-28,1205,2026042805015422,HRL,48,81,200,687.00,"137,400.00"
2026-04-28,1206,2026042805015154,IHL,45,42,374,426.20,"159,398.80"
2026-04-28,1207,2026042805015153,IHL,16,42,55,427.00,"23,485.00"
2026-04-28,1208,2026042805015152,IHL,35,42,100,427.00,"42,700.00"
2026-04-28,1209,2026042805015491,IHL,18,91,10,426.10,"4,261.00"
2026-04-28,1210,2026042805015196,IHL,45,54,120,426.20,"51,144.00"
2026-04-28,1211,2026042805015518,ILI,8,4,32,435.50,"13,936.00"
2026-04-28,1212,2026042805015453,ILI,41,59,50,435.70,"21,785.00"
2026-04-28,1213,2026042805015361,ILI,48,59,18,435.70,"7,842.60"
2026-04-28,1214,2026042805015167,ILI,8,36,12,435.50,"5,226.00"
2026-04-28,1215,2026042805015066,ILI,8,49,12,435.50,"5,226.00"
2026-04-28,1216,2026042805015357,KBSH,17,48,15,"1,601.00","24,015.00"
2026-04-28,1217,2026042805015065,KBSH,58,57,1,"1,572.00","1,572.00"
2026-04-28,1218,2026042805015517,MAKAR,47,4,290,501.00,"145,290.00"
2026-04-28,1219,2026042805015464,MAKAR,47,54,200,501.00,"100,200.00"
2026-04-28,1220,2026042805015265,MANDU,43,13,10,821.00,"8,210.00"
2026-04-28,1221,2026042805015163,MANDU,43,58,10,805.10,"8,051.00"
2026-04-28,1222,2026042805015478,MBJC,38,53,274,286.20,"78,418.80"
2026-04-28,1223,2026042805015477,MBJC,58,53,196,287.00,"56,252.00"
2026-04-28,1224,2026042805015205,MBJC,58,52,10,287.00,"2,870.00"
2026-04-28,1225,2026042805015370,MCHL,35,40,62,337.00,"20,894.00"
2026-04-28,1226,2026042805015125,MCHL,49,40,40,337.00,"13,480.00"
2026-04-28,1227,2026042805015532,MEHL,57,38,10,405.00,"4,050.00"
2026-04-28,1228,2026042805015531,MEHL,57,32,10,405.00,"4,050.00"
2026-04-28,1229,2026042805015530,MEHL,57,49,10,405.00,"4,050.00"
2026-04-28,1230,2026042805015529,MEHL,57,58,10,405.00,"4,050.00"
2026-04-28,1231,2026042805015528,MEHL,57,34,10,405.00,"4,050.00"
2026-04-28,1232,2026042805015460,MEHL,57,58,10,404.00,"4,040.00"
2026-04-28,1233,2026042805015283,MEHL,52,40,60,403.50,"24,210.00"
2026-04-28,1234,2026042805015250,MEHL,85,40,30,403.90,"12,117.00"
2026-04-28,1235,2026042805015459,MEHL,57,40,50,404.00,"20,200.00"
2026-04-28,1236,2026042805015458,MEHL,57,32,10,404.00,"4,040.00"
2026-04-28,1237,2026042805015113,MEL,48,42,10,253.30,"2,533.00"
2026-04-28,1238,2026042805015306,MHCL,41,62,490,357.00,"174,930.00"
2026-04-28,1239,2026042805015305,MHCL,41,75,10,356.00,"3,560.00"
2026-04-28,1240,2026042805015145,MHCL,41,52,30,354.00,"10,620.00"
2026-04-28,1241,2026042805015430,MKHC,59,63,10,319.50,"3,195.00"
2026-04-28,1242,2026042805015160,MKHC,58,42,878,320.00,"280,960.00"
2026-04-28,1243,2026042805015058,MKHC,59,42,100,320.10,"32,010.00"
2026-04-28,1244,2026042805015118,MKHL,62,84,141,635.00,"89,535.00"
2026-04-28,1245,2026042805015206,MKJC,49,58,10,500.00,"5,000.00"
2026-04-28,1246,2026042805015540,NIFRA,38,59,639,264.20,"168,823.80"
2026-04-28,1247,2026042805015539,NIFRA,38,59,324,264.20,"85,600.80"
2026-04-28,1248,2026042805015538,NIFRA,6,59,66,264.20,"17,437.20"
2026-04-28,1249,2026042805015537,NIFRA,43,59,97,264.40,"25,646.80"
2026-04-28,1250,2026042805015332,NIFRA,43,58,54,264.40,"14,277.60"
2026-04-28,1251,2026042805015329,NIFRA,43,22,49,264.40,"12,955.60"
2026-04-28,1252,2026042805015139,NIFRA,45,59,425,265.00,"112,625.00"
2026-04-28,1253,2026042805015057,NIFRA,45,61,385,265.00,"102,025.00"
2026-04-28,1254,2026042805015056,NIFRA,41,61,115,265.10,"30,486.50"
2026-04-28,1255,2026042805015328,NIFRA,21,22,15,264.50,"3,967.50"
2026-04-28,1256,2026042805015324,NIFRA,53,59,50,265.00,"13,250.00"
2026-04-28,1257,2026042805015291,NIFRA,22,59,43,265.00,"11,395.00"
2026-04-28,1258,2026042805015191,NIFRA,57,58,4,264.00,"1,056.00"
2026-04-28,1259,2026042805015179,NIFRA,57,35,4,264.00,"1,056.00"
2026-04-28,1260,2026042805015144,NIFRA,57,58,4,263.00,"1,052.00"
2026-04-28,1261,2026042805015549,NRIC,32,67,88,908.70,"79,965.60"
2026-04-28,1262,2026042805015548,NRIC,41,67,200,910.00,"182,000.00"
2026-04-28,1263,2026042805015547,NRIC,41,67,43,910.00,"39,130.00"
2026-04-28,1264,2026042805015546,NRIC,70,67,550,910.00,"500,500.00"
2026-04-28,1265,2026042805015545,NRIC,53,67,99,910.10,"90,099.90"
2026-04-28,1266,2026042805015544,NRIC,17,67,20,910.10,"18,202.00"
2026-04-28,1267,2026042805015197,NRIC,61,33,10,911.00,"9,110.00"
2026-04-28,1268,2026042805015119,NRIC,61,59,90,909.00,"81,810.00"
2026-04-28,1269,2026042805015105,NRIC,58,59,10,909.00,"9,090.00"
2026-04-28,1270,2026042805015267,NRIC,62,42,25,911.00,"22,775.00"
2026-04-28,1271,2026042805015266,NRIC,62,33,75,911.00,"68,325.00"
2026-04-28,1272,2026042805015504,NRIC,53,50,140,911.10,"127,554.00"
2026-04-28,1273,2026042805015503,NRIC,38,50,10,911.20,"9,112.00"
2026-04-28,1274,2026042805015434,NRIC,53,14,610,911.10,"555,771.00"
2026-04-28,1275,2026042805015433,NRIC,53,42,53,911.00,"48,283.00"
2026-04-28,1276,2026042805015432,NRIC,53,57,23,911.00,"20,953.00"
2026-04-28,1277,2026042805015431,NRIC,53,42,75,911.00,"68,325.00"
2026-04-28,1278,2026042805015500,NRM,45,35,10,400.50,"4,005.00"
2026-04-28,1279,2026042805015499,NRM,45,35,20,400.50,"8,010.00"
2026-04-28,1280,2026042805015404,NRM,45,38,10,400.50,"4,005.00"
2026-04-28,1281,2026042805015343,NRM,32,19,60,400.70,"24,042.00"
2026-04-28,1282,2026042805015342,NRM,92,19,50,400.70,"20,035.00"
2026-04-28,1283,2026042805015285,NRM,4,52,30,401.00,"12,030.00"
2026-04-28,1284,2026042805015198,NRM,42,52,379,402.00,"152,358.00"
2026-04-28,1285,2026042805015178,NRM,42,17,121,402.00,"48,642.00"
2026-04-28,1286,2026042805015177,NRM,21,17,79,402.10,"31,765.90"
2026-04-28,1287,2026042805015249,NRM,38,52,100,401.00,"40,100.00"
2026-04-28,1288,2026042805015203,NRM,44,52,20,401.00,"8,020.00"
2026-04-28,1289,2026042805015202,NRM,57,52,10,401.30,"4,013.00"
2026-04-28,1290,2026042805015201,NRM,57,52,30,401.30,"12,039.00"
2026-04-28,1291,2026042805015200,NRM,16,52,230,401.70,"92,391.00"
2026-04-28,1292,2026042805015199,NRM,21,52,100,402.00,"40,200.00"
2026-04-28,1293,2026042805015525,NRN,74,57,10,"1,461.00","14,610.00"
2026-04-28,1294,2026042805015524,NRN,38,57,10,"1,461.00","14,610.00"
2026-04-28,1295,2026042805015117,NRN,4,39,14,"1,460.00","20,440.00"
2026-04-28,1296,2026042805015116,NRN,50,39,146,"1,460.00","213,160.00"
2026-04-28,1297,2026042805015115,NRN,74,39,40,"1,460.10","58,404.00"
2026-04-28,1298,2026042805015114,NRN,74,36,30,"1,460.10","43,803.00"
2026-04-28,1299,2026042805015296,NRN,78,62,1,"1,417.00","1,417.00"
2026-04-28,1300,2026042805015254,NRN,78,17,1,"1,416.20","1,416.20"
2026-04-28,1301,2026042805015229,NRN,38,17,64,"1,460.00","93,440.00"
2026-04-28,1302,2026042805015228,NRN,4,17,36,"1,460.00","52,560.00"
2026-04-28,1303,2026042805015354,NRN,78,45,1,"1,450.00","1,450.00"
2026-04-28,1304,2026042805015326,NRN,60,19,1,"1,460.10","1,460.10"
2026-04-28,1305,2026042805015304,NRN,58,32,50,"1,465.40","73,270.00"
2026-04-28,1306,2026042805015393,NRN,78,45,1,"1,450.00","1,450.00"
2026-04-28,1307,2026042805015294,NTC,58,45,11,876.90,"9,645.90"
2026-04-28,1308,2026042805015284,NTC,4,13,10,876.10,"8,761.00"
2026-04-28,1309,2026042805015466,PHCL,59,46,100,304.00,"30,400.00"
2026-04-28,1310,2026042805015408,PHCL,59,34,100,303.80,"30,380.00"
2026-04-28,1311,2026042805015297,PHCL,81,59,50,303.70,"15,185.00"
2026-04-28,1312,2026042805015186,PHCL,81,26,500,303.70,"151,850.00"
2026-04-28,1313,2026042805015541,PPL,35,19,200,352.20,"70,440.00"
2026-04-28,1314,2026042805015461,PPL,33,28,10,352.10,"3,521.00"
2026-04-28,1315,2026042805015059,PPL,35,45,100,353.00,"35,300.00"
2026-04-28,1316,2026042805015295,RAWA,49,41,20,615.00,"12,300.00"
2026-04-28,1317,2026042805015492,RFPL,58,75,20,372.70,"7,454.00"
2026-04-28,1318,2026042805015416,RFPL,49,35,50,373.00,"18,650.00"
2026-04-28,1319,2026042805015292,RFPL,10,35,800,373.00,"298,400.00"
2026-04-28,1320,2026042805015180,RFPL,10,59,427,373.00,"159,271.00"
2026-04-28,1321,2026042805015169,RFPL,10,60,100,373.00,"37,300.00"
2026-04-28,1322,2026042805015164,RFPL,10,42,20,373.00,"7,460.00"
2026-04-28,1323,2026042805015076,RFPL,10,52,"1,000",373.00,"373,000.00"
2026-04-28,1324,2026042805015442,RHGCL,34,60,927,299.00,"277,173.00"
2026-04-28,1325,2026042805015441,RHGCL,34,56,173,299.00,"51,727.00"
2026-04-28,1326,2026042805015344,RHGCL,64,17,30,298.00,"8,940.00"
2026-04-28,1327,2026042805015338,RHGCL,64,49,874,298.00,"260,452.00"
2026-04-28,1328,2026042805015337,RHGCL,64,45,520,297.00,"154,440.00"
2026-04-28,1329,2026042805015336,RHGCL,64,38,170,296.30,"50,371.00"
2026-04-28,1330,2026042805015054,RHGCL,72,32,60,296.40,"17,784.00"
2026-04-28,1331,2026042805015308,RHGCL,47,38,20,296.30,"5,926.00"
2026-04-28,1332,2026042805015233,RHGCL,101,38,"2,220",296.00,"657,120.00"
2026-04-28,1333,2026042805015232,RHGCL,36,38,480,296.10,"142,128.00"
2026-04-28,1334,2026042805015231,RHGCL,57,38,500,296.30,"148,150.00"
2026-04-28,1335,2026042805015207,RHGCL,72,17,380,296.40,"112,632.00"
2026-04-28,1336,2026042805015187,RHGCL,72,28,20,296.40,"5,928.00"
2026-04-28,1337,2026042805015062,RMF1,64,39,"1,000",9.85,"9,850.00"
2026-04-28,1338,2026042805015061,RMF1,64,58,200,9.85,"1,970.00"
2026-04-28,1339,2026042805015060,RMF1,64,58,745,9.84,"7,330.80"
2026-04-28,1340,2026042805015508,RNLI,53,28,12,461.90,"5,542.80"
2026-04-28,1341,2026042805015476,RNLI,53,21,80,461.90,"36,952.00"
2026-04-28,1342,2026042805015192,RNLI,21,58,12,462.00,"5,544.00"
2026-04-28,1343,2026042805015260,RNLI,53,19,12,461.90,"5,542.80"
2026-04-28,1344,2026042805015195,RNLI,53,49,12,461.90,"5,542.80"
2026-04-28,1345,2026042805015194,RNLI,21,38,12,462.00,"5,544.00"
2026-04-28,1346,2026042805015193,RNLI,21,38,12,462.00,"5,544.00"
2026-04-28,1347,2026042805015280,RNLI,53,36,12,461.90,"5,542.80"
2026-04-28,1348,2026042805015269,RNLI,53,42,12,461.90,"5,542.80"
2026-04-28,1349,2026042805015335,RNLI,53,45,112,461.90,"51,732.80"
2026-04-28,1350,2026042805015502,SAHAS,62,6,10,618.00,"6,180.00"
2026-04-28,1351,2026042805015406,SAHAS,17,29,199,619.00,"123,181.00"
2026-04-28,1352,2026042805015360,SAHAS,17,57,13,619.00,"8,047.00"
2026-04-28,1353,2026042805015359,SAHAS,17,57,25,618.50,"15,462.50"
2026-04-28,1354,2026042805015358,SAHAS,17,99,13,618.50,"8,040.50"
2026-04-28,1355,2026042805015314,SAHAS,48,20,88,617.40,"54,331.20"
2026-04-28,1356,2026042805015251,SAHAS,40,48,200,617.90,"123,580.00"
2026-04-28,1357,2026042805015161,SAHAS,48,35,10,617.50,"6,175.00"
2026-04-28,1358,2026042805015158,SAHAS,48,45,280,617.50,"172,900.00"
2026-04-28,1359,2026042805015313,SAHAS,48,20,710,617.50,"438,425.00"
2026-04-28,1360,2026042805015312,SAHAS,40,20,502,618.00,"310,236.00"
2026-04-28,1361,2026042805015311,SAHAS,48,20,600,618.10,"370,860.00"
2026-04-28,1362,2026042805015298,SAHAS,48,56,400,618.10,"247,240.00"
2026-04-28,1363,2026042805015253,SAHAS,40,14,10,618.00,"6,180.00"
2026-04-28,1364,2026042805015252,SAHAS,40,34,488,618.00,"301,584.00"
2026-04-28,1365,2026042805015553,SANVI,74,42,40,700.00,"28,000.00"
2026-04-28,1366,2026042805015394,SANVI,36,42,60,700.00,"42,000.00"
2026-04-28,1367,2026042805015353,SANVI,63,83,485,695.00,"337,075.00"
2026-04-28,1368,2026042805015352,SANVI,35,83,50,695.00,"34,750.00"
2026-04-28,1369,2026042805015351,SANVI,50,83,940,695.00,"653,300.00"
2026-04-28,1370,2026042805015350,SANVI,21,83,50,698.50,"34,925.00"
2026-04-28,1371,2026042805015209,SANVI,42,67,100,698.50,"69,850.00"
2026-04-28,1372,2026042805015078,SANVI,36,44,10,701.00,"7,010.00"
2026-04-28,1373,2026042805015215,SANVI,40,67,500,696.40,"348,200.00"
2026-04-28,1374,2026042805015214,SANVI,6,67,40,696.40,"27,856.00"
2026-04-28,1375,2026042805015213,SANVI,22,67,80,696.60,"55,728.00"
2026-04-28,1376,2026042805015212,SANVI,58,67,100,697.00,"69,700.00"
2026-04-28,1377,2026042805015211,SANVI,43,67,40,698.00,"27,920.00"
2026-04-28,1378,2026042805015210,SANVI,58,67,150,698.40,"104,760.00"
2026-04-28,1379,2026042805015221,SANVI,58,67,40,695.50,"27,820.00"
2026-04-28,1380,2026042805015220,SANVI,42,67,100,696.00,"69,600.00"
2026-04-28,1381,2026042805015219,SANVI,29,67,110,696.00,"76,560.00"
2026-04-28,1382,2026042805015218,SANVI,58,67,20,696.00,"13,920.00"
2026-04-28,1383,2026042805015217,SANVI,83,67,"1,000",696.20,"696,200.00"
2026-04-28,1384,2026042805015216,SANVI,42,67,300,696.30,"208,890.00"
2026-04-28,1385,2026042805015274,SANVI,21,45,50,698.50,"34,925.00"
2026-04-28,1386,2026042805015226,SANVI,50,67,60,695.00,"41,700.00"
2026-04-28,1387,2026042805015225,SANVI,45,67,40,695.00,"27,800.00"
2026-04-28,1388,2026042805015224,SANVI,14,67,100,695.00,"69,500.00"
2026-04-28,1389,2026042805015223,SANVI,65,67,200,695.00,"139,000.00"
2026-04-28,1390,2026042805015222,SANVI,58,67,20,695.10,"13,902.00"
2026-04-28,1391,2026042805015439,SBCF,57,26,650,9.60,"6,240.00"
2026-04-28,1392,2026042805015438,SBCF,58,26,"1,000",9.61,"9,610.00"
2026-04-28,1393,2026042805015437,SGHC,44,57,200,373.00,"74,600.00"
2026-04-28,1394,2026042805015436,SGHC,52,57,100,373.10,"37,310.00"
2026-04-28,1395,2026042805015435,SGHC,57,57,45,373.20,"16,794.00"
2026-04-28,1396,2026042805015405,SGHC,58,22,40,375.00,"15,000.00"
2026-04-28,1397,2026042805015243,SGHC,16,22,30,375.00,"11,250.00"
2026-04-28,1398,2026042805015146,SGHC,58,41,5,376.00,"1,880.00"
2026-04-28,1399,2026042805015087,SGHC,37,22,100,375.10,"37,510.00"
2026-04-28,1400,2026042805015086,SGHC,74,22,41,376.00,"15,416.00"
2026-04-28,1401,2026042805015074,SGHC,74,57,59,376.00,"22,184.00"
2026-04-28,1402,2026042805015073,SGHC,25,57,150,376.00,"56,400.00"
2026-04-28,1403,2026042805015072,SGHC,56,57,491,376.00,"184,616.00"
2026-04-28,1404,2026042805015093,SGHC,4,22,100,375.00,"37,500.00"
2026-04-28,1405,2026042805015092,SGHC,13,22,200,375.00,"75,000.00"
2026-04-28,1406,2026042805015091,SGHC,25,22,150,375.00,"56,250.00"
2026-04-28,1407,2026042805015090,SGHC,65,22,98,375.00,"36,750.00"
2026-04-28,1408,2026042805015089,SGHC,58,22,50,375.00,"18,750.00"
2026-04-28,1409,2026042805015088,SGHC,7,22,50,375.00,"18,750.00"
2026-04-28,1410,2026042805015099,SGHC,51,22,100,375.00,"37,500.00"
2026-04-28,1411,2026042805015098,SGHC,64,22,400,375.00,"150,000.00"
2026-04-28,1412,2026042805015097,SGHC,34,22,50,375.00,"18,750.00"
2026-04-28,1413,2026042805015096,SGHC,25,22,300,375.00,"112,500.00"
2026-04-28,1414,2026042805015095,SGHC,32,22,150,375.00,"56,250.00"
2026-04-28,1415,2026042805015094,SGHC,58,22,210,375.00,"78,750.00"
2026-04-28,1416,2026042805015374,SHIVM,17,28,860,665.10,"571,986.00"
2026-04-28,1417,2026042805015373,SHIVM,42,28,20,665.20,"13,304.00"
2026-04-28,1418,2026042805015372,SHIVM,33,28,100,665.20,"66,520.00"
2026-04-28,1419,2026042805015371,SHIVM,26,28,20,666.00,"13,320.00"
2026-04-28,1420,2026042805015181,SHIVM,17,101,500,665.10,"332,550.00"
2026-04-28,1421,2026042805015173,SHIVM,47,18,100,666.00,"66,600.00"
2026-04-28,1422,2026042805015151,SHIVM,17,38,76,665.10,"50,547.60"
2026-04-28,1423,2026042805015124,SHIVM,17,56,560,665.10,"372,456.00"
2026-04-28,1424,2026042805015123,SHIVM,49,56,200,665.30,"133,060.00"
2026-04-28,1425,2026042805015122,SHIVM,34,56,"1,000",666.00,"666,000.00"
2026-04-28,1426,2026042805015121,SHIVM,48,56,30,666.10,"19,983.00"
2026-04-28,1427,2026042805015120,SHIVM,47,56,100,666.50,"66,650.00"
2026-04-28,1428,2026042805015369,SIKLES,44,42,11,591.30,"6,504.30"
2026-04-28,1429,2026042805015310,SIKLES,38,35,114,592.00,"67,488.00"
2026-04-28,1430,2026042805015309,SIKLES,38,41,36,592.00,"21,312.00"
2026-04-28,1431,2026042805015162,SIKLES,44,42,120,591.30,"70,956.00"
2026-04-28,1432,2026042805015064,SIKLES,11,41,107,592.00,"63,344.00"
2026-04-28,1433,2026042805015063,SIKLES,11,74,337,592.00,"199,504.00"
2026-04-28,1434,2026042805015143,SMATA,32,45,60,768.00,"46,080.00"
2026-04-28,1435,2026042805015142,SMATA,52,45,40,768.10,"30,724.00"
2026-04-28,1436,2026042805015397,SMH,41,42,10,571.00,"5,710.00"
2026-04-28,1437,2026042805015479,SMHL,4,49,21,501.00,"10,521.00"
2026-04-28,1438,2026042805015396,SMHL,4,38,11,500.00,"5,500.00"
2026-04-28,1439,2026042805015248,SMHL,4,4,10,500.00,"5,000.00"
2026-04-28,1440,2026042805015429,SMJC,49,42,10,466.00,"4,660.00"
2026-04-28,1441,2026042805015456,SONA,57,42,10,436.00,"4,360.00"
2026-04-28,1442,2026042805015428,SONA,57,58,10,436.00,"4,360.00"
2026-04-28,1443,2026042805015427,SONA,57,38,10,436.00,"4,360.00"
2026-04-28,1444,2026042805015378,SONA,42,35,"1,840",435.40,"801,136.00"
2026-04-28,1445,2026042805015377,SONA,38,35,100,435.50,"43,550.00"
2026-04-28,1446,2026042805015333,SONA,42,49,10,435.40,"4,354.00"
2026-04-28,1447,2026042805015182,SONA,35,35,50,435.50,"21,775.00"
2026-04-28,1448,2026042805015323,SONA,42,35,63,435.40,"27,430.20"
2026-04-28,1449,2026042805015275,SONA,42,35,50,435.40,"21,770.00"
2026-04-28,1450,2026042805015259,SONA,42,59,270,435.40,"117,558.00"
2026-04-28,1451,2026042805015258,SONA,38,59,50,435.40,"21,770.00"
2026-04-28,1452,2026042805015257,SONA,50,59,100,435.50,"43,550.00"
2026-04-28,1453,2026042805015183,SONA,38,35,50,435.40,"21,770.00"
2026-04-28,1454,2026042805015498,SPC,42,39,20,468.00,"9,360.00"
2026-04-28,1455,2026042805015395,SPC,42,48,10,468.00,"4,680.00"
2026-04-28,1456,2026042805015381,SPC,42,45,17,468.00,"7,956.00"
2026-04-28,1457,2026042805015290,SPC,58,45,20,468.00,"9,360.00"
2026-04-28,1458,2026042805015289,SPC,45,45,10,468.00,"4,680.00"
2026-04-28,1459,2026042805015288,SPC,42,45,21,468.00,"9,828.00"
2026-04-28,1460,2026042805015287,SPC,34,45,80,468.00,"37,440.00"
2026-04-28,1461,2026042805015286,SPC,6,45,12,468.60,"5,623.20"
2026-04-28,1462,2026042805015244,SPC,6,67,10,468.60,"4,686.00"
2026-04-28,1463,2026042805015176,SPC,6,67,78,468.60,"36,550.80"
2026-04-28,1464,2026042805015175,SPC,39,67,60,469.00,"28,140.00"
2026-04-28,1465,2026042805015174,SPC,44,67,10,469.20,"4,692.00"
2026-04-28,1466,2026042805015402,TAMOR,38,35,450,442.90,"199,305.00"
2026-04-28,1467,2026042805015339,TAMOR,38,38,10,442.90,"4,429.00"
2026-04-28,1468,2026042805015189,TAMOR,38,38,178,442.90,"78,836.20"
2026-04-28,1469,2026042805015188,TAMOR,42,38,22,443.50,"9,757.00"
2026-04-28,1470,2026042805015171,TAMOR,42,29,30,443.50,"13,305.00"
2026-04-28,1471,2026042805015170,TAMOR,42,59,48,443.00,"21,264.00"
2026-04-28,1472,2026042805015516,TPC,17,38,"1,089",372.00,"405,108.00"
2026-04-28,1473,2026042805015515,TPC,33,38,200,372.00,"74,400.00"
2026-04-28,1474,2026042805015514,TPC,52,38,500,372.00,"186,000.00"
2026-04-28,1475,2026042805015513,TPC,41,38,135,372.10,"50,233.50"
2026-04-28,1476,2026042805015512,TPC,42,38,295,372.10,"109,769.50"
2026-04-28,1477,2026042805015511,TPC,32,38,507,372.20,"188,705.40"
2026-04-28,1478,2026042805015070,TPC,51,52,67,373.50,"25,024.50"
2026-04-28,1479,2026042805015510,TPC,14,38,"1,111",372.30,"413,625.30"
2026-04-28,1480,2026042805015509,TPC,47,38,163,373.00,"60,799.00"
2026-04-28,1481,2026042805015494,TPC,47,52,37,373.00,"13,801.00"
2026-04-28,1482,2026042805015355,TPC,32,49,100,372.20,"37,220.00"
2026-04-28,1483,2026042805015227,TSHL,41,49,10,645.00,"6,450.00"
2026-04-28,1484,2026042805015452,TVCL,101,42,3,536.00,"1,608.00"
2026-04-28,1485,2026042805015138,UHEWA,57,40,50,570.00,"28,500.00"
2026-04-28,1486,2026042805015137,UHEWA,57,84,15,569.00,"8,535.00"
2026-04-28,1487,2026042805015501,ULHC,45,58,80,515.00,"41,200.00"
2026-04-28,1488,2026042805015401,ULHC,32,58,100,515.00,"51,500.00"
2026-04-28,1489,2026042805015282,ULHC,17,58,100,515.00,"51,500.00"
2026-04-28,1490,2026042805015230,ULHC,16,58,400,515.00,"206,000.00"
2026-04-28,1491,2026042805015079,USHEC,48,1,500,486.00,"243,000.00"
2026-04-28,1492,2026042805015238,USHEC,92,49,10,488.00,"4,880.00"
2026-04-28,1493,2026042805015237,USHEC,92,8,10,488.00,"4,880.00"
2026-04-28,1494,2026042805015136,USHEC,48,58,50,486.00,"24,300.00"
2026-04-28,1495,2026042805015242,USHEC,92,52,13,490.00,"6,370.00"
2026-04-28,1496,2026042805015241,USHEC,92,52,37,490.00,"18,130.00"
2026-04-28,1497,2026042805015240,USHEC,92,33,100,488.00,"48,800.00"
2026-04-28,1498,2026042805015239,USHEC,92,49,10,488.00,"4,880.00"
2026-04-28,1499,2026042805015300,USHL,58,14,15,640.00,"9,600.00"
2026-04-28,1500,2026042805015256,VLUCL,42,74,290,513.10,"148,799.00"
2026-04-28,1501,2026042805014750,AHL,56,81,400,511.00,"204,400.00"
2026-04-28,1502,2026042805014709,BBC,17,6,10,"4,780.00","47,800.00"
2026-04-28,1503,2026042805014708,BBC,28,6,10,"4,780.10","47,801.00"
2026-04-28,1504,2026042805015047,BEDC,38,34,200,378.00,"75,600.00"
2026-04-28,1505,2026042805015046,BEDC,54,34,20,378.10,"7,562.00"
2026-04-28,1506,2026042805015045,BEDC,49,34,100,378.10,"37,810.00"
2026-04-28,1507,2026042805015044,BEDC,71,34,100,378.40,"37,840.00"
2026-04-28,1508,2026042805015043,BEDC,45,34,25,378.50,"9,462.50"
2026-04-28,1509,2026042805015042,BEDC,32,34,20,378.50,"7,570.00"
2026-04-28,1510,2026042805014825,BEDC,39,83,100,380.00,"38,000.00"
2026-04-28,1511,2026042805014670,BEDC,1,34,10,378.50,"3,785.00"
2026-04-28,1512,2026042805014650,BEDC,58,62,18,380.00,"6,840.00"
2026-04-28,1513,2026042805014932,BEDC,58,45,10,379.00,"3,790.00"
2026-04-28,1514,2026042805015041,BEDC,1,34,40,378.50,"15,140.00"
2026-04-28,1515,2026042805015023,BEDC,58,45,30,379.00,"11,370.00"
2026-04-28,1516,2026042805014600,BHDC,28,34,35,460.10,"16,103.50"
2026-04-28,1517,2026042805014587,BHDC,58,34,20,460.10,"9,202.00"
2026-04-28,1518,2026042805014560,BHDC,19,34,500,460.10,"230,050.00"
2026-04-28,1519,2026042805014559,BHDC,39,34,100,460.10,"46,010.00"
2026-04-28,1520,2026042805014558,BHDC,14,34,20,460.20,"9,204.00"
